2140 3026
654 764 970 818 RECTOR
1009 764 1110 816 ET
1143 764 1503 818 SENATVS

361 885 759 924 VNIVERSITATIS
787 884 1123 922 FRIDERICIAE
1153 886 1479 924 GVILELMIAE
1506 886 1791 923 RHENANAE

990 989 1164 1027 lelssvs

1071 1099 1104 1137 S.

221 1228 248 1259 1.
292 1227 473 1258 Planctum
499 1228 542 1257 de
567 1227 728 1267 Aeginae
751 1227 889 1257 interitu
912 1233 1080 1266 negatum
1105 1228 1149 1257 ab
1172 1228 1338 1258 historico
1359 1234 1500 1267 poetam
1523 1229 1730 1268 explevisse.
1777 1230 1922 1260 Carmen

530 1281 631 1321 Pyth.
655 1281 739 1311 VIII
762 1281 960 1312 vaticinium
990 1288 1041 1312 est
1067 1283 1110 1313 de
1132 1282 1295 1322 Aeginae
1318 1292 1400 1313 casu
1423 1283 1620 1315 imminenti.

330 1373 458 1403 Notum
481 1378 542 1412 est,
564 1373 739 1412 Aeginam
767 1372 913 1403 insulam
945 1374 1117 1412 quondam
1151 1373 1450 1409 florentissumam,
1483 1376 1628 1405 heroum
1662 1382 1816 1411 matrem,
1852 1377 1974 1407 artium

177 1434 212 1459 et
239 1434 454 1459 mercaturae
488 1427 651 1461 altricem,
685 1427 837 1457 iustitiae
870 1433 1024 1467 portum,
1060 1428 1138 1458 anni
1169 1429 1230 1459 456
1255 1440 1283 1460 a.
1309 1428 1386 1460 Chr.
1420 1435 1554 1460 aestate
1577 1436 1657 1469 post
1680 1430 1782 1460 trium
1805 1440 1972 1461 annorum

179 1481 395 1513 obsidionem
418 1483 462 1512 ab
475 1481 746 1513 Atheniensibus
770 1482 815 1512 ad
832 1482 1042 1513 deditionem
1066 1483 1279 1523 compulsam
1303 1489 1337 1514 et
1352 1483 1482 1514 tributo
1498 1484 1660 1524 imposito
1677 1485 1801 1524 opibus
1824 1491 1858 1515 et
1874 1495 1974 1516 orna-

177 1536 300 1567 mentis
324 1536 394 1566 suis
418 1535 599 1575 spoliatam
624 1545 711 1566 esse.
766 1536 888 1575 Neque
913 1537 941 1566 is
979 1535 1055 1566 finis
1077 1537 1290 1567 miseriarum
1314 1536 1386 1567 fuit.
1442 1537 1577 1577 Viginti
1599 1538 1749 1577 quinque
1772 1539 1869 1569 annis
1891 1547 1972 1578 post

180 1590 288 1621 atroci
310 1590 575 1621 Atheniensium
598 1591 740 1620 decreto
761 1590 958 1630 Aeginetae
982 1601 1058 1621 cum
1083 1591 1289 1631 coniugibus
1313 1597 1347 1622 et
1370 1591 1488 1622 liberis
1511 1602 1555 1622 ex
1583 1592 1692 1622 insula
1718 1603 1779 1623 sua
1803 1593 1973 1624 decedere

184 1645 295 1676 coacti
319 1650 405 1675 sunt.
450 1644 576 1675 Refert
600 1645 642 1675 de
665 1645 718 1675 his
741 1644 821 1675 fatis
844 1655 1038 1676 marmorea
1062 1646 1130 1679 illa,
1154 1656 1222 1685 qua
1259 1647 1408 1683 excellit,
1441 1647 1613 1678 brevitate
1637 1647 1869 1687 Thucydides,
1903 1659 1975 1679 rem

183 1700 365 1730 multarum
388 1699 605 1729 lacrimarum
630 1706 663 1729 et
684 1698 803 1729 infiniti
824 1700 935 1730 luctus
958 1700 989 1729 in
1013 1710 1129 1739 pauca
1151 1701 1267 1730 hercle
1284 1702 1392 1731 verba
1417 1701 1608 1736 conferens,
1642 1702 1788 1741 primurn
1811 1703 1854 1733 de
1880 1703 1974 1733 dedi—

175 1754 278 1790 tione,
301 1754 408 1784 Thuc.
436 1755 461 1788 1,
488 1755 559 1785 108:
585 1754 803 1792 ὡμολόγησαν
827 1755 861 1785 δὲ
885 1755 935 1784 καὶ
958 1754 1125 1792 Αἰγινῆται
1152 1755 1231 1792 μετὰ
1255 1757 1355 1786 ταῦτα
1370 1757 1438 1793 τοῖς
1454 1751 1637 1794 Ἀθηναίοις
1661 1757 1745 1795 τείχη
1762 1767 1795 1788 τε
1813 1758 1973 1795 περιελόν-

176 1819 229 1847 τες
252 1809 303 1840 καὶ
325 1811 404 1847 ναῦς
427 1809 629 1848 παραδόντες
652 1809 758 1847 φόρον
780 1820 814 1841 τε
839 1810 1009 1847 ταξάμενοι
1033 1810 1067 1848 ἐς
1088 1810 1145 1840 τὸν
1161 1810 1271 1841 ἔπειτα
1294 1810 1420 1848 χρόνον.
1454 1811 1591 1841 Deinde
1606 1812 1649 1841 de
1665 1812 1778 1850 patria
1801 1812 1929 1842 amissa
1945 1813 1972 1847 2,

176 1863 230 1894 27:
249 1862 433 1901 ἀνέστησαν
457 1864 491 1894 δὲ
515 1864 566 1894 καὶ
589 1863 758 1902 Αἰγινήτας
784 1867 829 1905 τῷ
845 1864 931 1905 αὐτῷ
957 1865 1042 1902 θέρει
1068 1864 1173 1904 τούτῳ
1197 1864 1267 1903 (431
1295 1875 1323 1895 a.
1347 1864 1438 1903 Chr.)
1467 1865 1498 1896 ἑξ
1517 1864 1644 1904 Αἰγίνης
1668 1865 1827 1903 Ἀθηναῖοι
1850 1866 1972 1905 αὐτούς

175 1928 209 1949 τε
229 1918 280 1949 καὶ
296 1919 413 1956 παῖδας
435 1918 486 1949 καὶ
507 1920 670 1956 γυναῖκας,
694 1918 944 1957 ἐπικαλέσαντες
969 1919 1028 1957 οὐχ
1052 1919 1170 1957 ἥκιστα
1196 1921 1254 1950 τοῦ
1272 1920 1416 1956 πολέμου
1439 1927 1553 1958 σφισιν
1575 1919 1696 1958 αἰτίους
1721 1920 1807 1951 εἶναι.
1853 1920 1971 1960 Atque

175 1977 270 2002 recte
291 1975 439 2002 fortasse
462 1971 518 2002 ille
543 1978 579 2002 ut
595 1971 790 2006 historicus,
815 1971 872 2012 qui
897 1982 952 2003 res
977 1979 1100 2012 gestas
1125 1974 1353 2008 conscribere,
1376 1983 1445 2003 non
1465 1974 1637 2004 hominum
1661 1975 1808 2005 lacrimis
1832 1981 1865 2005 et
1888 1985 1971 2014 que-

176 2026 285 2056 stibus
307 2026 473 2057 historiae
496 2026 578 2056 folia
600 2027 743 2066 implere
769 2027 1027 2058 destinavisset.
1087 2026 1157 2058 Sed
1184 2038 1273 2067 quae
1299 2028 1482 2059 historicus
1506 2029 1630 2063 omisit,
1667 2035 1765 2059 vates
1800 2036 1833 2059 et
1856 2036 1972 2069 poeta,

176 2081 327 2120 pectoris
350 2081 457 2111 intimi
480 2091 684 2111 arcanorum
708 2082 888 2121 interpres,
912 2082 971 2121 qui
996 2083 1149 2112 humana
1171 2082 1366 2113 humanitus
1383 2083 1592 2119 aestimaret,
1617 2084 1789 2114 cumulate
1806 2085 1972 2123 explevit.

177 2134 237 2165 Est
260 2135 349 2165 enim
372 2145 510 2166 carmen
533 2136 710 2175 quoddam
734 2135 883 2171 Pindari,
908 2136 1013 2176 Pyth.
1037 2135 1133 2172 VIII,
1169 2137 1201 2166 in
1225 2147 1294 2176 quo
1318 2143 1496 2168 extremos
1523 2138 1579 2168 ille
1603 2138 1790 2168 occidentis
1819 2139 1970 2177 Aegine-

175 2195 286 2219 tarum
310 2189 391 2219 solis
414 2190 530 2220 radios
553 2190 694 2230 collegit
717 2196 751 2220 et
774 2190 1024 2221 immortalitati
1055 2192 1281 2222 consecravit.

327 2243 471 2275 Carmen
493 2245 657 2285 scriptum
682 2250 733 2275 est
756 2245 788 2275 in
812 2245 1089 2281 Aristomenem,
1113 2245 1286 2276 Xenarcis
1309 2245 1424 2281 filium,
1448 2256 1591 2286 puerum
1616 2246 1836 2287 Aeginetam.
1861 2248 1917 2287 qui
1938 2248 1971 2278 in

175 2298 288 2329 luctae
311 2299 495 2330 certamine
511 2299 637 2339 Pythia
660 2300 801 2330 vicerat.
836 2300 887 2330 Ea
904 2300 1050 2330 victoria
1079 2301 1200 2339 paucis
1223 2301 1320 2330 annis
1337 2307 1417 2331 ante
1440 2307 1631 2331 extremam
1647 2302 1739 2331 illam
1755 2302 1971 2333 obsidionem
