2140 3026
1074 184 1192 214 XVIII

253 293 320 321 quo
346 281 469 311 diversi
494 281 524 309 in
549 280 685 309 civitan-
710 278 846 307 ordines
882 277 967 306 inter
1002 286 1038 305 se
1063 274 1184 304 mutuis
1208 273 1329 303 officiis
1353 274 1565 312 copulantur.
1600 272 1812 303 conciliatrix
1835 279 1897 308 est,
1934 280 1967 304 et
1989 274 2020 304 in

252 337 314 365 hac
338 335 482 364 omnium
507 343 581 363 cum
607 332 761 361 omnibus
785 330 965 361 concordia
1000 329 1068 359 veri
1100 328 1232 358 roboris
1256 327 1511 358 fundamentum
1535 325 1682 366 positum
1707 332 1772 361 est:
1809 327 1891 357 nihil
1923 328 2019 367 quid-

250 399 350 427 quam
375 387 545 427 pulchrius
569 387 599 415 in
624 385 828 418 civitatibus,
863 393 963 422 quam
987 383 1051 412 hoc
1073 389 1174 415 tuum,
1211 381 1396 422 Hesychia,
1429 390 1572 421 regnum
1607 387 1671 418 est3
1705 390 1734 410 ν.
1763 381 1796 411 6:
1839 381 1876 411 τὺ
1900 382 1960 419 γὰρ
1984 383 2021 413 τὸ

250 443 409 479 μαλθακὸν
432 442 516 479 ἔρξαι
540 451 570 470 τε
596 440 644 469 καὶ
668 440 778 469 παθεῖν
801 438 885 474 ὁμῶς
908 437 919 475 Η
943 437 1110 467 ἐπίστασαι
1134 438 1230 475 καιρῷ
1253 436 1313 466 σὺν
1337 435 1470 473 ἀτρεκεῖ.
1504 434 1575 466 Sed
1599 434 1720 465 cadem
1743 435 1828 465 haec
1845 434 2020 474 Hesychia

250 505 325 525 cum
350 495 478 524 scelere
500 493 686 528 lacessitur,
711 491 864 521 iniuriam
887 499 1017 520 summa
1040 489 1225 519 severitate
1248 489 1428 519 ulciscitur.

294 658 337 688 17.
383 657 546 687 Carminis
570 656 669 696 Pyth.
688 656 767 685 VIII
803 654 986 685 artificiosa
1009 652 1210 691 compositio
1233 653 1305 683 eius
1331 654 1530 688 sententiae,
1554 664 1643 694 quae
1666 654 1805 684 Pindari
1828 654 1979 685 carmina

359 712 401 740 ad
425 711 610 741 Nomorum
634 709 823 749 'I'erpandri
848 708 984 747 regulas
1009 707 1201 745 composita
1224 713 1350 741 censet,
1373 708 1551 747 egregium
1575 707 1824 739 firmamentum
1849 714 1908 740 est.

772 763 987 792 Eruditorum
1012 761 1054 791 de
1078 770 1119 790 ea
1142 760 1312 790 sententia
1336 760 1492 799 scrupuli.

394 856 464 886 Iam
487 855 589 895 igitur
612 860 720 885 totum
744 855 809 884 hoc
833 862 967 883 carmen
992 851 1209 891 pulcherrimi
1240 849 1383 881 aedificii
1416 851 1523 881 instar
1556 856 1720 882 structum
1753 858 1788 882 et
1821 853 2021 892 dispositum

249 921 285 941 se
309 911 408 940 nobis
434 909 548 944 offert;
585 909 629 938 ibi
663 908 753 938 nulla
775 913 826 937 est
850 916 931 946 pars
964 906 1019 936 vel
1041 905 1219 945 particula,
1257 914 1345 944 quae
1379 905 1518 945 turgida
1555 906 1712 936 otiosave
1736 906 1788 941 sit,
1817 907 1849 936 in
1873 916 1941 946 qua
1964 912 2022 937 aut

246 965 382 995 nimium
405 970 461 994 aut
485 973 604 1002 parum
630 968 733 1001 poeta
753 961 887 991 dixerit.
941 959 1064 991 Omnia
1087 959 1237 989 innatam
1267 960 1439 998 quandam
1464 960 1674 990 harmoniam
1699 960 1838 999 spirant.
1890 960 2021 1000 Legem

247 1025 369 1051 autem.
395 1019 425 1047 in
449 1027 516 1056 qua
539 1022 607 1046 tam
631 1016 773 1055 pulchre
795 1015 908 1045 omnia
929 1014 1088 1049 nituntur,
1113 1013 1379 1044 vetustissimam
1402 1014 1493 1044 illam
1517 1024 1603 1051 esse,
1638 1024 1740 1053 quam
1763 1014 1966 1053 Terpander
1988 1014 2021 1044 in

246 1073 353 1103 nomis
377 1072 445 1102 suis
468 1071 716 1111 componendis
739 1076 874 1102 secutus
898 1069 950 1104 sit,
974 1080 1015 1100 ea
1038 1069 1113 1108 ipsa
1135 1079 1172 1099 re
1195 1067 1376 1099 manifesto
1400 1069 1520 1108 elucet,
1552 1069 1645 1108 quod
1668 1068 1780 1098 omnia
1803 1079 1865 1098 sua
1887 1074 2021 1108 sponte,

248 1127 348 1157 nullis
372 1126 534 1156 machinis
557 1131 687 1163 coacta,
720 1124 913 1154 voluntario
937 1133 1104 1154 consensu
1127 1123 1171 1153 ad
1193 1123 1280 1153 hanc
1302 1133 1404 1153 unam
1426 1133 1580 1153 normam
1603 1123 1773 1162 aliamque
1794 1122 1921 1153 nullam
1944 1132 2021 1153 con-

249 1183 387 1213 veniunt
411 1188 444 1212 et
469 1186 675 1221 competunt.
730 1180 859 1210 Verum
895 1179 983 1209 enim
1017 1188 1101 1209 vero
1136 1179 1325 1209 cavendum
1349 1183 1410 1213 est,
1444 1187 1487 1207 ne
1521 1177 1609 1207 iusto
1633 1176 1788 1216 cupidius
1811 1176 2021 1216 triumphare

252 1237 436 1267 videamur.
480 1235 577 1266 Haec
600 1235 687 1265 enim
711 1234 880 1265 sententia
903 1234 946 1263 de
971 1232 1162 1272 Terpandri
1183 1243 1361 1263 nomorum
1382 1233 1462 1271 lege
1483 1242 1503 1261 a
1518 1231 1668 1261 Pindaro
1692 1240 1859 1270 expressa
1878 1236 1911 1261 et
1927 1240 2021 1260 usur-

248 1296 330 1331 pata
352 1296 421 1320 tam
445 1290 569 1319 multos
594 1289 786 1318 etiamnunc
809 1287 1027 1318 adversarios
1050 1288 1167 1321 habet,
1190 1293 1227 1317 ut
1249 1287 1314 1317 hoc
1336 1287 1458 1326 ipsum,
1493 1295 1560 1325 quo
1582 1285 1729 1323 nitimur,
1762 1284 2020 1314 fundamentum

250 1344 379 1375 firmius
402 1343 503 1374 etiam
527 1342 766 1373 stabiliendum
789 1346 822 1371 et
845 1342 888 1371 ab
906 1341 1063 1371 omnibus
1087 1342 1262 1381 scrupulis,
1285 1341 1342 1381 qui
1355 1341 1423 1370 vim
1441 1340 1511 1370 eius
1527 1339 1713 1379 infringere
1730 1344 1763 1369 et
1779 1339 1903 1369 rodere
1918 1348 2023 1378 posse

247 1399 434 1433 videantur,
459 1402 594 1428 strenue
618 1396 869 1427 defendendum
892 1396 944 1427 sit.

395 1451 609 1491 Quamquam
632 1451 720 1481 enim
742 1450 952 1481 Rudolfus
975 1449 1193 1489 Westphal
1223 1449 1255 1479 in
1279 1449 1539 1489 prolegomenis
1567 1447 1782 1488 Aeschyleis‚
1815 1447 1906 1487 Lips.
1931 1448 2021 1487 1869,

249 1519 281 1548 p.
306 1508 345 1538 80
368 1516 441 1546 sqq.
468 1511 502 1536 et
527 1505 560 1535 in
582 1504 668 1535 libro
692 1504 936 1544 pulcherrimo:
961 1503 1101 1534 Catull's
1124 1502 1303 1542 Gedichte‚
1327 1504 1379 1534 ed.
1403 1503 1522 1537 altera,
1546 1501 1786 1537 Vratislaviae,
1818 1502 1896 1532 1870
1918 1511 1950 1541 p.
1973 1501 2022 1541 75,

249 1571 393 1600 eumque
417 1565 553 1590 secutus
577 1564 611 1589 et
646 1558 785 1588 inventa
818 1559 861 1588 ab
896 1568 936 1588 eo
959 1567 1051 1588 nova
1084 1557 1159 1588 luce
1194 1557 1367 1588 illustrans
1389 1557 1633 1587 Fridericus
1655 1556 1831 1596 Mezger,
1867 1555 2022 1586 Pindar's

246 1614 475 1654 Siegeslieder
496 1623 527 1652 p.
552 1613 674 1643 24—36
698 1612 840 1652 egregie
863 1612 967 1643 totius
989 1612 1088 1642 huius
1111 1611 1320 1651 quaestionis
1349 1611 1571 1642 fundamenta
1603 1611 1763 1646 iecerunt,
1797 1616 1912 1641 tamen
1944 1616 2021 1640 sunt

246 1669 419 1708 hodieque
442 1667 474 1697 in
498 1677 613 1697 eorum
636 1676 786 1706 numero,
809 1677 953 1706 quorum
973 1667 1007 1696 in
1029 1666 1150 1697 litteris
1163 1666 1352 1696 Pindaricis
1375 1675 1507 1696 summa
1530 1665 1741 1696 auctoritatis
1764 1670 1799 1695 et
1821 1670 1873 1695 est
1894 1670 1928 1695 et
1945 1674 2022 1695 esse

246 1725 360 1763 debet,
382 1723 439 1762 qui
463 1731 639 1752 assensum
663 1721 854 1755 cohibeant.
879 1721 935 1761 qui
957 1731 1029 1752 rem
1052 1720 1340 1761 speciosissimam
1363 1726 1398 1751 et
1420 1719 1541 1750 mirum
1564 1725 1729 1759 quantum
1752 1719 1796 1749 ad
1811 1719 2021 1758 persuaden-

246 1779 325 1807 dum
341 1777 501 1807 blandam
517 1781 553 1806 ut
568 1777 774 1816 phantasma
797 1775 942 1815 aliquod,
960 1786 978 1805 e
993 1785 1180 1815 paucorum
1201 1776 1344 1806 cerebro
1361 1780 1488 1809 natum,
1504 1784 1524 1803 a
1543 1774 1730 1804 studiorum
1753 1783 1890 1803 suorum
1907 1773 2021 1803 sobria

246 1837 279 1862 et
303 1831 428 1861 munda
454 1829 666 1870 supellectile
699 1835 848 1860 arceant.
903 1828 1022 1869 Atque
1056 1839 1100 1859 ex
1135 1829 1292 1859 omnibus
1322 1829 1387 1859 illis
1411 1828 1618 1859 adversariis
1641 1828 1726 1858 duos
1748 1837 1845 1863 nunc,
1878 1837 2022 1866 quorum

245 1885 380 1916 nomina
403 1894 574 1924 nunquam
608 1883 671 1914 nisi
704 1883 843 1914 honoris
868 1893 990 1914 caussa
1024 1888 1058 1914 et
1093 1893 1223 1914 summa
1245 1883 1466 1914 veneratione
1495 1892 1694 1922 nuncupem,
1731 1883 1824 1912 solos
1858 1888 2020 1921 tanquam

246 1940 339 1971 chori
367 1939 456 1969 illius
480 1939 694 1978 coryphaeos
724 1937 843 1972 affero,
877 1937 1121 1968 Guilelmum
1149 1937 1373 1968 Christium
1407 1938 1439 1968 in
1465 1937 1552 1968 libro
1582 1938 1625 1967 de
1648 1943 1722 1967 arte
1744 1937 1896 1971 metrica,
1929 1936 2022 1975 Lips.

248 1994 336 2029 1874,
360 2004 391 2033 p.
415 1994 475 2024 644
497 1998 531 2023 et
553 1993 818 2022 Theodorum
841 1992 1063 2032 Bergkium
1087 1992 1119 2022 in
1142 1991 1231 2022 Hist.
1253 1992 1332 2023 Litt.
1355 1991 1478 2023 Graec.
1501 1991 1627 2026 vo1.II‚
1653 1991 1768 2022 Berol.
1795 1991 1882 2026 1883,
1906 1991 2019 2030 p.213.

246 2048 309 2078 His
331 2053 401 2077 tam
424 2047 542 2087 peritis
565 2053 599 2077 et
622 2047 665 2076 de
687 2046 837 2076 Pindaro
861 2047 975 2077 hercle
997 2046 1139 2086 egregie
1160 2046 1291 2076 meritis
1305 2046 1472 2077 iudicibus
1496 2046 1677 2086 copiosius,
1702 2055 1805 2085 quam
1827 2045 1939 2075 adhuc
1954 2044 2022 2075 fac-

247 2107 317 2132 tum
343 2107 404 2137 est,
428 2101 706 2132 satisfaciendum
731 2101 802 2132 erit.
856 2100 997 2132 Summa
1019 2111 1101 2131 vero
1129 2101 1161 2131 in
1184 2106 1259 2131 tota
1281 2101 1346 2131 hac
1368 2100 1569 2140 quaestione
1593 2099 1775 2130 difficultas
1796 2101 1861 2130 hac
1883 2110 1920 2130 re
1944 2109 2020 2130 con—

246 2157 379 2189 tinetur,
403 2157 495 2195 quod
518 2155 550 2185 in
573 2155 750 2186 notissimo
772 2156 923 2187 Pollucis
947 2156 989 2186 de
1013 2156 1124 2186 nornis
1147 2154 1389 2194 Terpandricis
1412 2154 1606 2185 testimonio
1629 2154 1722 2184 nomi
1753 2154 1901 2193 partium
1935 2154 2021 2184 ordo

247 2217 281 2240 et
315 2210 420 2240 series
452 2211 495 2240 ab
530 2210 715 2240 carminum
745 2210 885 2240 Pindari
914 2209 1061 2249 partium
1095 2209 1214 2240 ordine
1237 2209 1447 2248 aliquantum
1481 2208 1653 2239 differunt.
1709 2208 1815 2248 Apud
1847 2208 2021 2238 Pollucem

247 2270 408 2303 quattuor
424 2270 500 2294 sunt
524 2270 601 2294 ante
625 2265 822 2304 omphalum
838 2270 964 2304 partes,
987 2264 1173 2295 secundum
1188 2264 1303 2303 legem
1319 2264 1491 2303 quandam
1514 2263 1754 2293 exactissimae
1771 2262 2022 2303 symmetricae,

247 2329 348 2358 quam
371 2324 464 2349 recte
487 2318 654 2348 intellexit
665 2318 847 2358 Bergkius,
872 2317 960 2349 Hist.
984 2318 1063 2349 Litt.
1087 2317 1144 2349 Gr.
1167 2318 1207 2355 Π,
1233 2319 1292 2348 212
1315 2328 1374 2357 sq.‚
1392 2317 1597 2357 dispositae;
1624 2317 1709 2347 Poll.
1727 2317 1785 2348 IV.
1802 2318 1857 2348 66:
1882 2318 2020 2355 μέρη...
