2140 3026
973 150 1101 182 XXIII

149 243 353 282 Τερπάνδρου
378 244 625 280 κατανείμαντος
659 242 778 281 ἑπτά),
811 251 853 272 ne
888 241 1072 271 admittunt
1105 241 1242 281 quidem
1274 247 1431 272 octavam
1466 242 1614 282 aliquam
1649 245 1928 284 prooemiiApar-

150 303 230 329 tem.
296 297 521 327 Nihilominus
569 296 806 335 Terpandrum
852 295 1059 326 carminibus
1108 295 1177 326 suis
1223 296 1401 335 prooemia
1450 296 1652 336 praefixisse
1703 299 1928 330 certissimum

148 357 212 384 est.
266 351 393 382 Notum
427 357 479 381 est
514 350 693 381 exordium
726 348 822 379 nomi
861 348 988 387 Ortlziz',
1020 349 1076 389 qui
1108 350 1312 386 vocabatur,
1356 359 1458 389 quem
1491 351 1523 380 in
1559 350 1731 390 Apollinis
1764 354 1928 383 honorem

149 406 351 446 Terpander
378 409 629 443 composuerat.
686 403 767 434 Eius
801 403 936 434 exordii
963 404 1074 443 prima
1105 404 1213 434 verba
1248 403 1466 436 ‘'Prooemii''.
1501 415 1579 434 nam
1613 406 1679 436 hoc
1711 406 1786 445 ipso
1822 408 1929 438 verbo

153 460 338 499 scriptores
373 465 522 495 utuntur,
561 468 638 488 esse
673 458 843 493 dicuntur:
887 457 997 489 Schol.
1031 457 1208 497 Aristoph.
1239 458 1352 488 Nubb.
1383 459 1458 489 595:
1495 460 1531 490 τὸ
1558 461 1592 490 δὲ
1615 460 1715 498 ιιοἰμφί
1750 471 1799 498 μοι
1834 462 1931 493 otili-e*

147 514 182 545 ἑκ
203 515 268 544 τῶν
291 512 497 551 Τερπάνδρου
520 512 704 550 προοιμίων.
738 512 788 543 καὶ
820 513 881 550 γὰρ
914 512 1034 550 ἐκεῖνος
1067 512 1171 550 οὕτως
1204 512 1331 550 ἤρξατο.
1370 507 1463 550 Ἀμφὶ
1496 524 1546 551 μοι
1568 514 1656 552 αὖτις
1679 514 1809 546 ἄνακτα.
1836 517 1872 547 τὸ
1895 518 1928 548 δὲ

145 567 408 607 προοιμιάζεσθαι
444 566 702 604 ἀμφιανακτίζειν
724 566 848 602 ἕλεγονς
875 572 908 596 et
932 567 1048 605 paullo
1071 565 1172 596 infra:
1208 568 1343 604 μιμεῖται
1377 569 1441 598 τῶν
1465 568 1664 607 διθυράμβων
1698 570 1737 600 τὰ
1770 571 1930 608 προοίμια.

147 623 294 660 συνεχῶς
316 621 377 659 γὰρ
399 622 537 659 χρῶνται
570 621 667 660 ταύτῃ
695 623 732 660 τῇ
756 621 849 652 >teies
883 621 932 652 διὸ
966 621 1016 652 καὶ
1051 620 1275 660 ἀμφιάνακτας
1304 622 1422 660 αὐτοὺς
1456 622 1600 654 ἐκάλουν.
1633 623 1701 654 ἔστι
1734 625 1768 655 δὲ
1791 624 1929 663 Τερπάν-

146 679 240 715 δρου·
262 674 353 714 ’Apim’
375 675 444 713 ἐμοὶ
467 674 588 706 ἄνακτα
611 675 816 713 ἑκατηβόλον.
861 674 959 705 Haec
983 674 1174 714 Terpandri
1198 675 1304 706 verba
1328 676 1597 706 celebratissima
1621 686 1665 707 ex
1683 676 1804 708 Orthio
1826 688 1929 709 nomo

147 735 284 769 sumpta
308 738 385 759 esse
402 727 527 760 Suidas
550 734 698 759 testatur
721 739 745 759 s.
763 739 793 759 v.
817 728 1101 768 Ἀμφιανακτίζειν“
1125 731 1214 771 ᾄδειν
1236 731 1292 762 τὸν
1308 729 1515 769 Τερπάνδρου
1538 731 1638 768 νόμον
1661 732 1717 763 τὸν
1734 733 1930 771 καλούμενον

146 783 266 822 ὄρθιον,
289 783 307 814 ὃ
331 783 418 824 αὐτῷ
437 784 605 822 προοίμιον
640 782 690 821 (οὗ
713 784 751 814 τὸ
774 784 952 822 προοίμιον,
983 783 1157 824 Bergkius
1180 784 1213 814 in
1237 784 1328 815 Poet.
1352 785 1412 825 lyr.
1436 783 1494 815 Gr.
1520 785 1590 818 111⁴.
1614 795 1645 825 p.
1669 785 1702 825 9)
1731 787 1849 825 ταύτην
1873 788 1929 825 τὴν

145 836 247 876 ἀρχὴν
271 836 350 875 εἶχε·
384 837 476 876 Ἀμφὶ
509 849 559 876 μοι
582 837 658 869 αὖτε
682 833 792 876 ἄναχθ’
817 838 1015 877 ἑκαταβόλον
1038 838 1049 877 Η
1073 837 1204 869 ἀειδέτω
1220 839 1305 876 φρήν
1330 838 1390 874 (ita
1407 838 1492 868 haec
1514 839 1620 868 verba
1637 839 1832 872 acutissime
1849 842 1929 872 scri-

144 892 259 922 benda
285 891 401 922 docuit
425 890 607 930 Bergkius,
631 890 719 920 Hist.
743 890 803 922 litt.
827 889 885 921 Gr.
909 890 951 925 Π,
975 891 1037 922 214
1058 897 1128 921 not.
1152 892 1190 921 35
1216 897 1252 921 et
1274 891 1374 922 Poet.
1397 892 1458 932 lyr.
1483 892 1556 927 1114,
1580 902 1612 932 p.
1637 893 1678 928 9).

297 945 441 976 Constat
464 945 577 985 igitur,
601 944 793 984 Terpandri
816 955 945 978 nomos.
968 944 1116 976 fortasse
1139 956 1206 975 non
1230 955 1357 979 omnes,
1389 946 1450 976 sed
1473 956 1575 976 unum
1598 952 1692 977 certe
1716 947 1930 989 alterumque

147 1000 331 1040 prooemiis
354 1000 536 1030 instructos
568 998 682 1029 fuisse.
727 999 815 1029 Nam
838 999 984 1029 Nomum
1008 1000 1100 1029 illum
1134 1000 1166 1030 in
1190 1000 1316 1033 Iovem,
1353 1000 1448 1030 cuius
1472 1001 1590 1031 Archa
1614 1007 1751 1032 servata
1775 1010 1827 1033 est
1851 1004 1928 1041 (Ζεῦ

148 1055 278 1086 πάντων
301 1054 383 1092 ἀρχά
406 1053 482 1088 ...),
516 1053 591 1092 quis
614 1063 677 1092 pro
703 1059 797 1083 certo
833 1055 1006 1093 spondere
1029 1054 1117 1084 ausit
1140 1054 1358 1084 Prooemium
1386 1056 1511 1085 archae
1534 1054 1725 1094 praefixum
1748 1057 1929 1088 habuisse?

144 1110 217 1140 Iam
243 1109 427 1149 quaeritur,
463 1107 544 1147 quid
579 1108 611 1138 in
633 1109 697 1138 hac
721 1107 870 1139 Pollucis
894 1118 969 1138 cum
999 1109 1073 1138 aliis
1096 1109 1313 1148 antiquorum
1338 1110 1544 1148 scriptorum
1568 1111 1772 1142 testimoniis
1806 1112 1930 1143 discre-

145 1163 263 1203 pantia
287 1162 505 1193 statuendum
528 1162 579 1192 sit.
625 1161 753 1192 Pollux
777 1163 820 1192 de
842 1162 1022 1193 Prooemio
1042 1164 1117 1194 οὐδὲ
1140 1166 1207 1202 γρῦ.
1253 1163 1475 1194 Grammatici
1499 1164 1556 1199 illi,
1589 1175 1607 1195 e
1631 1165 1753 1204 quibus
1777 1165 1930 1197 Scholia-

145 1223 220 1248 stae
244 1217 288 1247 ad
310 1216 582 1256 Aristophanem
605 1222 639 1246 et
655 1215 780 1247 Suidas
803 1216 1000 1252 hauserunt,
1024 1218 1080 1247 uni
1105 1219 1227 1249 saltem
1251 1218 1578 1258 TerpandriNomo.
1604 1219 1725 1251 Orthio
1749 1221 1780 1251 in
1794 1221 1928 1261 Apolli-

144 1282 232 1307 nem,
270 1271 496 1309 Prooemium,
530 1270 704 1300 hominum
726 1271 891 1301 memoria
915 1271 1231 1307 celebratissimum,
1267 1273 1428 1303 tribuunt.
1483 1273 1592 1304 Nobis
1617 1277 1706 1313 quod
1740 1275 1772 1304 in
1794 1285 1861 1305 uno
1886 1286 1928 1306 ex

150 1332 229 1357 octo
252 1325 362 1356 nomis
384 1325 588 1364 Terpander
610 1324 700 1358 fecit,
726 1325 828 1355 etiam
851 1324 883 1355 in
908 1325 982 1356 aliis
1001 1326 1171 1356 nonnullis
1193 1337 1269 1357 eum
1292 1326 1423 1363 fecisse,
1447 1337 1522 1358 cum
1547 1328 1661 1367 aliqua
1684 1330 1930 1368 probabilitate

144 1380 312 1420 colligere
334 1379 459 1410 licebit.
518 1378 617 1418 Quae
651 1389 726 1409 cum
750 1379 797 1409 ita
821 1379 895 1413 sint,
916 1380 1003 1410 hanc
1025 1381 1172 1411 Pollucis
1196 1386 1229 1411 et
1259 1387 1452 1412 ceterorum
1486 1382 1623 1412 testium
1658 1385 1929 1415 controversiam

146 1435 234 1465 hunc
257 1434 291 1464 in
314 1434 453 1464 modum
476 1433 604 1473 optime
629 1433 815 1464 diiudicare
838 1434 1034 1475 poterimus,
1059 1435 1085 1465 si
1109 1435 1280 1465 dicamus:
1317 1436 1553 1467 “Prooemium
1574 1447 1752 1468 nomorum
1776 1438 1928 1478 Terpan-

145 1489 316 1519 dricorum
340 1498 415 1519 cum
431 1487 549 1518 Archa
573 1493 643 1518 tam
667 1494 762 1518 arcto
779 1488 916 1519 vinculo
941 1490 1158 1520 coniunctum
1175 1490 1359 1521 etiamtunc
1377 1490 1492 1525 fuisse,
1516 1496 1552 1521 ut
1575 1493 1725 1522 nondum
1741 1502 1805 1532 pro
1829 1500 1929 1533 parte

144 1549 307 1583 separata
331 1548 365 1572 et
389 1542 458 1577 tali,
484 1551 575 1581 quae
597 1542 760 1582 peculiari
786 1552 847 1573 sua
869 1543 901 1573 vi
926 1544 1083 1583 praedita
1107 1550 1207 1575 esset.
1243 1544 1330 1575 inter
1353 1551 1486 1585 septem
1509 1545 1584 1576 illas
1605 1552 1723 1586 partes
1746 1547 1928 1579 sollemnes

142 1596 410 1628 numeraretur''.

199 1763 248 1794 24.
293 1762 382 1804 Quid
408 1763 450 1793 de
472 1762 638 1803 Eparcha,
663 1770 786 1794 octava
811 1765 903 1804 apud
925 1764 1101 1794 Pollucem
1126 1770 1236 1804 parte,
1261 1766 1337 1796 loco
1361 1772 1588 1805 praepostero
1610 1768 1740 1798 intrusa
1763 1769 1872 1799 nostri

769 1819 932 1858 temporis
957 1819 1079 1848 eruditi
1101 1820 1301 1851 censuerint.

291 1907 363 1939 Sed
385 1909 451 1939 hoc
474 1909 595 1949 ipsum.
632 1910 725 1949 quod
758 1910 823 1940 hac
846 1920 933 1940 nunc
956 1909 1217 1940 ratiocinatione
1241 1909 1441 1943 invenimus,
1470 1912 1620 1941 nondum
1647 1918 1840 1942 extremum
1865 1918 1926 1951 est,

142 1972 210 2002 quo
230 1962 263 1993 in
285 1963 351 1994 hac
373 1963 577 2003 quaestione
601 1964 767 2004 progredi
792 1964 879 1994 licet.
932 1963 1041 1994 Immo
1078 1964 1195 2003 paullo
1224 1964 1326 1994 etiam
1349 1965 1484 2004 longius
1510 1965 1543 1995 in
1567 1976 1685 1996 earum
1706 1967 1926 1997 tenebrarum

144 2026 302 2047 recessus
323 2023 508 2056 penetrare
529 2018 728 2057 poterimus.
784 2017 822 2048 In
846 2018 990 2049 Pollucis
1023 2018 1111 2048 enim
1143 2019 1200 2048 illo
1223 2019 1311 2053 loco,
1348 2019 1403 2059 qui
1434 2025 1505 2050 tam
1539 2021 1682 2051 eximius
1706 2027 1757 2051 est
1784 2021 1925 2053 notitiae

147 2075 288 2101 nostrae
311 2071 355 2101 de
376 2081 556 2102 nomorum
579 2079 653 2102 arte
678 2071 766 2107 fons.
791 2073 818 2102 si
841 2073 1035 2103 accuratius
1060 2083 1135 2103 eum
1160 2081 1193 2104 et
1217 2074 1324 2104 oculis
1348 2074 1440 2104 omni
1463 2075 1577 2105 studio
1609 2075 1747 2106 intentis
1772 2085 1927 2115 perscru-

145 2130 230 2160 tere,
252 2130 391 2164 praeter
413 2132 546 2165 septem
568 2127 717 2166 partium
747 2126 925 2157 notissima
955 2127 1092 2157 nomina
1126 2127 1239 2157 octavi
1262 2127 1438 2157 cuiusdam
1465 2128 1611 2158 nominis
1633 2128 1783 2168 vestigia
1816 2139 1926 2168 paene

144 2177 382 2209 delitescentia
405 2180 659 2219 deprehendas:
684 2179 866 2220 Eparclmc.
911 2181 993 2212 Post
1016 2182 1122 2212 verba
1146 2181 1228 2212 Poll.
1250 2181 1309 2215 lv,
1335 2182 1375 2212 66
1397 2182 1492 2212 ἑπτά·
1529 2182 1610 2220 ἀρχά
1634 2183 1665 2212 in
1688 2183 1807 2213 codice
1831 2183 1926 2214 Pala-

143 2232 214 2262 tino
238 2232 529 2274 Heidelbergensi
552 2233 601 2273 (C.
618 2245 670 2274 ap.
687 2235 898 2268 Bekkeruml
923 2235 1090 2275 sequitur:
1115 2237 1274 2274 ἐπαρχεῐα.
1311 2237 1485 2276 Analogia
1501 2237 1661 2267 vocabuli
1678 2237 1711 2266 in
1734 2238 1798 2268 hoc
1814 2238 1925 2269 indice

141 2287 291 2326 proximi
316 2288 456 2326 μεταρχά
478 2289 598 2328 poscit⁷
633 2295 668 2319 ut
692 2290 814 2328 ἑπαρχά
835 2290 1032 2321 scribamus.
1089 2289 1159 2321 Sed
1182 2292 1268 2321 haec
1291 2292 1413 2329 ἑπαρχά
1436 2292 1547 2331 primo
1573 2292 1740 2331 adspectu
1763 2303 1925 2325 maxume
