2140 3026
1051 165 1135 195 XVI

340 313 383 342 15».
429 311 517 339 (lilia
540 309 786 344 ,lei-'intumum
812 315 844 336 et
870 305 1137 339 Atheniensium,
1162 311 1224 341 per
1247 302 1339 332 bella
1356 301 1495 332 Persica
1519 302 1705 340 paullulum
1730 301 1864 337 feriata,

462 373 541 393 mox
567 363 805 392 instaurantur.
850 360 968 390 factio
992 356 1170 398 popularis
1194 355 1400 395 Aeginetica
1420 362 1640 394 comparatur
1663 365 1738 385 cum

808 415 928 444 eadem
954 412 1044 451 apud
1068 410 1203 442 samios
1226 409 1386 440 factione.

358 522 452 552 Haec
477 521 632 551 factionis
657 520 832 559 popularis
856 518 1045 549 rebellandi
1069 516 1247 546 conamina
1273 517 1346 546 sine
1369 516 1473 546 dubio
1490 516 1543 547 vel
1567 523 1647 556 post
1674 522 1777 546 atrox
1801 515 1882 546 illud
1913 525 1992 556 sup-

207 576 341 614 plicium
366 584 534 613 nunquam
560 582 752 604 cessarunt:
790 574 851 602 sub
875 572 1044 602 cineribus
1064 569 1201 609 igniculi
1226 570 1395 600 ardebant
1419 577 1453 600 et
1477 571 1580 600 modo
1603 571 1736 604 tectius,
1763 571 1866 600 modo
1891 579 1990 610 aper-

206 629 271 658 tius
290 638 467 667 erumpere
491 627 603 657 conati
627 634 713 657 sunt.
748 625 979 656 Athenienses
996 623 1210 653 occasionem
1235 629 1269 653 et
1292 630 1449 663 tempora
1474 624 1805 664 circumspiciebant.
1835 624 1898 654 Illo
1911 625 1985 655 solo

206 689 367 720 tempore.
401 691 468 720 quo
491 680 622 710 Xerxis
647 679 822 719 expeditio
859 678 1036 708 imminens
1058 676 1270 706 Graecorum
1303 677 1451 706 omnium
1485 677 1617 707 animos
1641 677 1804 708 sollicitos
1838 678 1989 712 tenebat,

206 745 278 765 cum
304 735 569 774 prudentissimo
593 734 732 764 consilio
764 734 794 762 in
820 732 1030 762 Graecorum
1063 737 1232 760 conventu
1268 730 1381 759 onmia
1411 730 1505 760 bella
1539 737 1657 760 mutua
1680 731 1879 770 seponenda
1913 741 1991 762 esse

205 790 378 819 decretum
404 796 505 821 esset,
529 788 759 818 Athenienses
783 796 920 824 quoque
944 793 977 815 et
991 784 1187 823 Aeginetae
1211 783 1403 814 inveterata
1426 784 1506 814 odia
1528 785 1718 823 paullulum
1742 785 1990 825 deposuerunt;

205 843 330 873 llerod.
354 842 427 875 VII.
455 844 525 873 143:
571 843 678 873 εδόκεε
789 840 1070 870 καταλλάσσεσθαι
1105 838 1161 876 τάς
1194 848 1227 869 τε
1261 838 1378 876 ἔχθρας
1413 839 1464 868 καὶ
1486 839 1563 876 τοὺς
1597 837 1663 869 κατ’
1686 839 1849 878 ἀλλήλους
1873 840 1989 878 ἐόντας

203 898 371 934 πολέμους.
395 896 478 934 ἦσαν
501 897 535 926 δὲ
562 896 641 933 πρός
665 905 752 932 τινας
776 895 826 925 καὶ
849 893 968 931 ἄλλους
992 919 1020 924 ..
1040 918 1055 930 .,
1090 893 1108 923 ὁ
1141 894 1175 924 δὲ
1199 892 1244 924 ὧν
1268 893 1418 930 μέγιστος
1442 892 1636 930 Ἀθηναίοισί
1666 902 1700 923 τε
1724 893 1774 923 καὶ
1797 892 1988 933 Αἰγινήτῃσι.

204 950 285 980 Post
308 952 432 980 breves
454 950 537 988 illas,
561 960 646 988 quas
665 958 843 979 commune
858 948 1048 988 periculum
1065 945 1237 978 effecerat.
1259 947 1508 977 discordiarum
1525 946 1674 976 indutias
1697 945 1772 976 fieri
1785 956 1851 977 non
1868 948 1988 986 potuit,

203 1005 283 1043 quin
307 1004 499 1034 inimicitiae
523 1004 814 1033 recrudescerent.
848 1002 947 1032 Ausa
972 1002 1054 1031 data
1077 1002 1121 1031 ab
1137 1001 1332 1040 Aeginetis,
1356 1001 1426 1040 qui,
1449 1010 1525 1031 cum
1542 1000 1725 1040 Spartanis
1749 1001 1862 1031 insciis
1879 1000 1989 1032 Athe-

202 1059 336 1088 nienses
360 1059 478 1087 urbem
497 1067 592 1086 suam
609 1056 713 1086 muris
737 1055 958 1086 aedificandis
981 1054 1167 1089 firmarent,
1191 1055 1336 1086 indicem
1361 1055 1434 1085 eius
1457 1055 1504 1085 rei
1521 1055 1682 1095 Spartam
1699 1055 1878 1093 miserunt;
1902 1055 1990 1087 Plut.

204 1111 364 1142 Themist.
391 1111 442 1141 19:
466 1111 658 1149 Πολυάρχου
675 1112 934 1148 κατηγοροῦντος
957 1110 1104 1147 ἐπίτηδες
1128 1110 1160 1141 ἐξ
1171 1109 1298 1148 Αἰγίνης
1322 1109 1574 1148 ἀποσταλέντος.
1608 1110 1861 1150 Aeginetarum
1885 1110 1991 1151 igitur

201 1165 433 1205 optimatibus,
468 1165 524 1204 qui
548 1175 619 1196 rem
642 1165 815 1204 publicam
837 1165 1115 1199 moderabantur,
1152 1174 1172 1193 a
1195 1163 1322 1203 duplici
1345 1173 1482 1203 semper
1505 1163 1658 1202 periculo
1682 1165 1873 1194 cavendum
1897 1171 1988 1196 erat:

200 1220 242 1249 ab
266 1220 365 1248 hoste
389 1224 532 1249 externo
554 1226 588 1248 et
611 1220 654 1248 ab
678 1219 777 1248 hoste
800 1218 976 1256 intestin03
1000 1224 1104 1257 atque
1126 1217 1278 1248 Pindaro
1302 1224 1396 1248 certe
1419 1217 1539 1253 iudice,
1561 1217 1595 1247 id
1618 1219 1713 1257 quod
1734 1219 1926 1250 luculenter
1942 1229 1987 1250 ex

199 1273 355 1303 carminis
373 1272 472 1312 Pyth.
488 1272 570 1302 VIII
593 1274 698 1303 archa
720 1279 877 1312 apparet,
901 1273 968 1307 ille,
993 1272 1051 1312 qui
1074 1272 1107 1302 in
1129 1272 1342 1311 praecordiis
1366 1272 1415 1302 rei
1438 1271 1597 1311 publicae
1620 1272 1798 1308 haerebat,
1822 1273 1988 1312 pernicio-

198 1327 265 1356 sior
291 1326 392 1356 etiam
415 1335 488 1357 erat
511 1327 619 1356 altero
643 1327 710 1359 illo,
734 1326 791 1366 qui
814 1332 936 1366 aperta
960 1327 1082 1356 saltem
1106 1326 1140 1356 vi
1161 1325 1365 1356 minabatur.
1687 1336 1690 1337 ⁷

345 1381 595 1420 Aeginetarum
617 1390 680 1420 per
702 1381 760 1410 illa
783 1387 941 1420 tempora
966 1379 1188 1411 difficultates
1211 1385 1246 1410 et
1269 1390 1372 1411 curae
1397 1380 1526 1419 optime
1549 1380 1712 1419 cognosci
1743 1386 1776 1411 et
1810 1381 1989 1412 diiudicari

197 1442 342 1474 possunt
365 1445 407 1465 ex
435 1435 534 1465 simili
557 1435 658 1474 plane
682 1435 767 1464 alius
790 1435 967 1464 cuiusdam
990 1434 1139 1465 civitatis
1161 1435 1367 1469 conditione,
1402 1444 1491 1474 quae
1514 1435 1633 1474 paucis
1656 1435 1754 1465 annis
1777 1441 1857 1475 post
1878 1435 1987 1476 Aegi-

197 1499 274 1519 nam
310 1489 421 1519 eidem
456 1488 603 1519 fatorum
638 1489 778 1519 decreto
813 1488 993 1528 eidemque
1026 1489 1175 1518 hostium
1198 1494 1419 1519 externorum
1448 1499 1524 1519 cum
1560 1489 1729 1520 intestinis
1752 1489 1885 1521 foederi
1919 1491 1990 1521 icto

196 1543 363 1577 occubuit,
397 1543 492 1573 cuius
523 1544 655 1573 cladem
688 1543 936 1582 copiosioribus
972 1543 1190 1582 antiquorum
1215 1543 1420 1583 scriptorum
1454 1543 1708 1574 narrationibus
1747 1545 1987 1576 adumbratam

197 1597 400 1636 accepimus,
427 1606 471 1627 ex
495 1596 689 1627 Sannorum
713 1595 917 1637 reipublicae
940 1597 1184 1627 certaminibus
1208 1597 1400 1636 postremis.

344 1650 450 1690 Apud
484 1650 618 1682 Samios
649 1661 786 1691 quoque
816 1651 996 1690 popularis
1030 1650 1134 1681 factio
1169 1658 1254 1686 erat,
1293 1651 1508 1682 clandestino
1541 1651 1680 1683 foedere
1715 1652 1987 1684 Atheniensibus

196 1704 372 1739 obstricta,
397 1714 485 1744 quae
506 1705 691 1744 perniciem
717 1705 939 1745 optimatibus
963 1705 1177 1736 moliebatur.
1229 1705 1340 1735 Huius
1370 1704 1530 1736 factionis
1560 1716 1662 1736 suasu
1687 1712 1721 1737 et
1743 1716 1810 1746 ope
1832 1706 1986 1738 Pericles

195 1758 347 1788 adscitus
370 1758 510 1789 Samum
533 1759 643 1798 prima
666 1759 781 1789 statim
804 1759 995 1789 incursione
1018 1759 1109 1798 cepit
1133 1765 1167 1789 et
1187 1769 1355 1789 conversa
1387 1760 1437 1790 rei
1458 1760 1618 1800 publicae
1653 1760 1764 1790 forma
1796 1761 1985 1800 populares

195 1813 238 1842 ad
263 1812 394 1842 clavom
419 1813 467 1842 rei
490 1813 649 1852 publicae
670 1813 853 1847 constituit,
879 1823 946 1852 qua
970 1813 1013 1843 de
1036 1823 1073 1843 re
1096 1813 1286 1843 luculenter
1309 1819 1457 1844 testatur
1480 1813 1710 1854 Thucydides.
1752 1814 1876 1846 Milesii
1900 1825 1987 1855 erga

194 1864 330 1896 Samios
353 1866 617 1897 Atheniensium
640 1877 741 1906 opem
766 1867 1044 1906 imploraverant.
1091 1866 1174 1898 Cum
1198 1867 1342 1898 Milesiis
1367 1878 1432 1898 una
1455 1868 1548 1898 cives
1570 1868 1722 1898 nonnulli
1744 1868 1852 1900 Samii
1875 1870 1986 1900 Athe-

193 1920 328 1949 nienses
351 1927 387 1950 ut
410 1920 563 1950 venirent
588 1921 809 1960 impulerunt;
836 1921 941 1951 Thue.
967 1921 990 1955 I,
1018 1922 1089 1952 115:
1116 1921 1146 1952 οἱ
1169 1921 1322 1959 Μιλήσιοι
1420 1922 1493 1961 παρ’
1520 1918 1707 1961 Ἀθηναίους
1729 1923 1881 1962 ἐλθόντες
1897 1934 1984 1956 κατε-

193 1973 277 2011 βόων
300 1975 364 2003 τῶν
387 1974 522 2010 Σαμίων.
546 1974 801 2012 Ξυνεπελάβοντό
825 1985 858 2005 τε
883 1975 933 2005 καὶ
966 1975 998 2006 ἐξ
1023 1975 1123 2014 αὐτῆς
1147 1978 1204 2014 τῆς
1227 1976 1336 2014 Σάμου
1360 1976 1476 2015 ἄνδρες
1509 1977 1629 2008 ἰδιῶται
1652 1978 1838 2016 νεωτερίσαι
1873 1978 1986 2016 βουλό-

193 2037 281 2064 μενοι
304 2028 361 2064 τήν
382 2028 552 2059 πολιτείαν.
599 2028 724 2058 Eorum
747 2029 888 2058 consilia
910 2035 986 2059 rata
1008 2028 1090 2060 fecit
1112 2029 1265 2060 Pericles
1295 2031 1505 2061 democratia
1528 2031 1727 2067 constituta;
1760 2032 1866 2063 Thuc.
1890 2032 1985 2063 ibid.:

191 2081 390 2119 πλεύσαντες
413 2081 472 2112 οὖν
494 2076 653 2119 Ἀθηναῖοι
677 2083 711 2120 ἐς
735 2082 844 2119 Σάμον
877 2084 972 2114 ναυσὶ
1006 2084 1252 2122 τεσσαράκοντα
1289 2086 1504 2123 δημοκρατίαν
1528 2086 1734 2124 κατέστησαν
1766 2087 1817 2117 καὶ
1840 2086 1984 2125 ὁμήρους

191 2135 316 2173 ἔλαβον.
363 2134 527 2166 Similiter
550 2136 693 2167 Diodor.
714 2136 795 2175 XII,
813 2137 871 2168 27:
897 2137 994 2176 οὗτος
1018 2138 1048 2174 (ἰ.
1067 2149 1094 2169 e.
1109 2139 1281 2177 Περικλῆςλ
1305 2140 1339 2170 δὲ
1362 2140 1508 2178 πλεύσας
1531 2139 1580 2170 ἐπί
1603 2150 1636 2171 τε
1661 2141 1719 2177 τὴν
1742 2140 1852 2178 Σάμον
1875 2150 1984 2179 παρει-

191 2189 317 2220 σελθὼν
340 2190 390 2219 καὶ
413 2191 470 2227 τῆς
492 2190 619 2228 πόλεως
643 2191 798 2229 ἐγκρατὴς
816 2192 999 2231 γενόμενος,
1023 2194 1202 2231 κατέστησε
1228 2194 1444 2232 δημοκρατίαν
1467 2194 1502 2225 ἑν
1525 2194 1614 2234 αὐτῇ,
