2140 3026
1006 158 1116 189 XXV

156 252 227 284 Sed
250 253 342 282 unde
366 253 397 282 in
422 253 509 282 hunc
532 251 677 282 indicem
701 252 817 282 delata
849 252 923 282 est?
966 251 1063 282 Haec
1095 252 1253 291 quaestio
1288 261 1363 281 cum
1400 252 1508 281 altera
1544 252 1601 281 illa
1638 252 1841 291 quaestione
1875 262 1953 291 gra-

156 306 296 337 vissima
319 308 492 342 cohaeret,
516 318 536 337 a
560 316 628 345 qua
652 305 849 345 disputandi
873 305 1003 335 initium
1028 305 1179 335 fecimus.
1233 305 1390 335 Vidimus
1425 316 1530 345 supra
1563 306 1595 335 in
1620 306 1760 336 Pindari
1795 307 1954 337 omnibus

157 361 364 391 carminibus
388 361 702 399 Metacatatropam
729 370 773 389 ex
796 360 887 397 sede,
918 369 1019 398 quam
1046 359 1125 389 olim
1149 360 1326 397 habuerat,
1362 365 1442 390 ante
1475 361 1670 399 omphalum
1702 361 1733 390 in
1758 361 1953 400 proximum

156 420 237 455 post
272 416 469 455 omphalum
500 415 613 445 locum
647 414 894 453 transpositam
930 424 1015 444 esse¹
1075 412 1165 452 Quid
1200 413 1280 443 inde
1315 420 1467 444 secutum
1503 415 1556 451 sit,
1590 415 1725 445 iamiam
1763 416 1954 446 luculenter

157 475 314 509 apparet.
359 470 639 508 Metacatatropa
663 468 809 498 traiecta
832 469 921 498 duae
944 472 1062 507 partes
1093 467 1255 497 dimidiae
1287 469 1473 498 carminum
1507 468 1618 508 magis
1654 470 1954 509 exaequabantur:

155 523 281 563 prioris
303 523 413 564 partis
437 528 516 553 ante
539 523 735 562 omphalum
760 522 972 562 principatus
996 521 1191 552 imminutus
1216 527 1299 553 erat.
1360 522 1471 553 Unum
1499 533 1592 557 vero.
1629 524 1723 562 quod
1748 523 1827 553 inde
1852 524 1953 554 effec-

155 583 228 608 tum
251 583 312 613 est,
346 577 588 617 gravissimum
613 577 685 608 fuit.
741 577 825 607 Cum
850 577 1039 616 Catatropa
1063 577 1340 616 supplementum
1365 587 1472 611 suum,
1505 577 1833 618 Metacatatropam‚
1872 579 1952 609 ami-

156 632 268 667 sisset,
306 631 380 662 fieri
403 632 461 662 vix
496 632 608 671 potuit
632 632 712 671 quin
736 631 938 661 Metarchae
960 636 1041 671 post
1065 631 1218 661 Archam
1242 632 1378 671 pondus
1412 632 1525 671 magis
1550 632 1732 671 magisque
1757 633 1953 663 elevaretur

160 696 238 717 eum
261 687 294 716 in
317 687 466 721 modum,
503 691 538 716 ut
563 686 813 726 pedetemptim
836 685 1094 725 progrediendo
1119 695 1183 725 pro
1208 692 1370 725 separata
1395 691 1427 715 et
1451 696 1563 725 aequa
1586 697 1660 716 cum
1697 687 1820 716 ceteris
1854 693 1953 726 parte

157 740 256 771 iuxta
268 740 420 771 Archam
444 750 511 770 non
529 740 595 770 iam
612 746 858 771 numeraretur.
894 740 941 770 Ut
964 740 1061 769 brevi
1086 739 1211 770 dicam:
1235 739 1517 779 Metacatatropa
1539 741 1750 779 transposita
1772 741 1953 771 Metarcha

155 804 303 835 quoque,
326 795 553 834 responsione
578 805 640 824 sua
664 805 794 834 carens,
828 795 1004 834 propriam
1040 794 1132 824 illam
1169 800 1204 824 et
1233 795 1443 833 peculiarem
1468 794 1532 824 sibi
1557 794 1624 824 vim
1652 795 1765 825 amisit
1803 801 1836 825 et
1870 806 1953 835 pars

153 849 325 888 quaedam
351 848 503 885 inferior,
535 849 566 879 in
601 850 727 880 archae
761 854 981 888 patronatum
1006 854 1039 879 et
1063 849 1206 879 tutelam
1241 848 1370 887 dedita,
1402 848 1495 878 facta
1523 854 1584 880 est.
1625 848 1741 887 Quare
1765 851 1855 888 apud
1875 850 1952 879 Pin-

155 903 275 933 darum
301 904 479 933 metarcha
502 903 612 942 qualis
636 908 687 933 est
713 903 919 933 in'carmine
944 903 1044 943 Pyth.
1068 903 1153 933 VIII
1188 913 1252 942 pro
1277 908 1439 942 separata
1471 908 1571 942 parte
1593 913 1811 943 nequaquam
1836 914 1951 934 nume-

153 962 257 988 ratur.
314 957 498 987 Postremo
533 956 676 987 effectus
712 956 769 986 ille
794 956 1097 996 Metacatatropae
1133 958 1366 996 transpositae
1402 963 1435 987 et
1468 957 1670 988 Metarchae
1704 959 1861 997 pondere
1890 968 1951 988 suo

153 1011 319 1051 peculiari
342 1011 499 1050 privatae
517 1021 625 1050 usque
649 1011 694 1040 ad
717 1011 856 1041 Archae
880 1011 1094 1050 praeludium
1112 1011 1194 1041 illud
1211 1012 1362 1041 manavit
1387 1018 1420 1041 et
1446 1012 1653 1051 penetravit,
1677 1013 1730 1042 cui
1748 1013 1827 1042 olim
1844 1013 1950 1052 Epar-

155 1066 240 1096 chae
262 1076 385 1096 nomen
409 1065 514 1096 fuisse
542 1065 697 1095 vidimus¹
751 1065 848 1095 Haec
873 1065 1042 1105 Eparcha,
1079 1075 1154 1095 cum
1189 1071 1291 1095 antea
1316 1065 1456 1096 Archae
1491 1067 1629 1096 subdita
1663 1072 1795 1097 tantum
1820 1066 1951 1101 fuisset.

154 1129 242 1150 nunc
265 1125 346 1159 post
369 1119 454 1159 illas,
478 1129 564 1159 quas
589 1119 825 1149 enarravimus
842 1120 1058 1155 mutationes,
1084 1120 1134 1150 sui
1151 1121 1410 1160 quodammodo
1435 1121 1517 1151 iuris
1541 1120 1633 1151 facta
1658 1127 1711 1151 est
1736 1128 1769 1151 et
1796 1122 1863 1152 iam
1888 1133 1951 1161 pro

153 1178 253 1213 parte
276 1184 456 1204 nomorum
480 1179 642 1213 separata
666 1178 699 1204 et
723 1174 836 1204 soluta
859 1174 1030 1204 numerari
1052 1180 1178 1214 coepta
1198 1180 1260 1204 est.
1317 1174 1414 1205 Haec
1439 1175 1554 1205 omnia
1586 1175 1633 1205 ita
1657 1175 1748 1205 facta
1773 1186 1850 1206 esse
1875 1177 1951 1206 Pin-

153 1228 348 1259 daricorum
370 1228 556 1260 carminum
591 1227 703 1258 forma
725 1239 787 1258 nos
811 1229 944 1261 edocet.
978 1239 1078 1268 quae.
1114 1230 1217 1259 modo
1240 1234 1402 1259 accurate
1437 1235 1471 1260 et
1505 1230 1678 1260 subtiliter
1701 1231 1949 1270 consideretur,

152 1282 218 1313 dici
241 1282 300 1313 vix
323 1288 450 1323 potest,
474 1288 638 1324 quantam
662 1294 842 1314 nomorum
865 1284 1032 1315 historiae
1055 1285 1165 1314 lucem
1189 1283 1334 1315 adferat.

205 1450 255 1481 26.
301 1450 338 1481 In
362 1450 511 1481 Pollucis
534 1451 586 1489 IV,
611 1451 650 1482 66
674 1451 760 1490 loco,
785 1462 804 1481 e
827 1451 921 1485 Iuba,
944 1451 1182 1482 intercedente
1211 1451 1295 1482 Iuba
1320 1460 1364 1481 ex
1389 1450 1575 1481 Heraclide
1600 1451 1744 1482 Pontico
1768 1453 1892 1482 hausto

392 1506 536 1535 duorum
559 1506 661 1536 Nomi
684 1515 851 1545 generum
878 1506 1056 1536 sollemnia
1080 1506 1250 1536 vocabula
1274 1510 1502 1545 praepostero
1527 1506 1706 1546 scriptoris

806 1560 920 1590 studio
945 1560 1184 1600 conglutinata
1208 1569 1294 1590 esse.

302 1650 372 1680 Iam
388 1650 414 1680 si
426 1661 543 1681 eorum
558 1661 647 1690 quae
660 1652 912 1691 disputavimus
926 1661 1093 1681 summam
1107 1651 1319 1690 colligamus,
1335 1650 1436 1682 facile
1448 1651 1531 1681 illud
1546 1651 1713 1691 expeditu
1728 1652 1801 1687 erit,
1817 1662 1884 1692 qua
1897 1662 1950 1682 ra-

152 1703 247 1734 tione
270 1705 302 1734 in
316 1704 465 1735 Pollucis
480 1705 537 1739 IV,
562 1707 601 1737 66
624 1705 770 1736 indicem
785 1706 965 1746 Eparchae
988 1705 1113 1736 mentio
1138 1705 1344 1745 pervenerit.
1384 1705 1511 1736 Pollux
1536 1706 1629 1745 apud
1652 1712 1829 1736 auctorem
1853 1717 1950 1736 suum

151 1758 279 1797 Iubam,
302 1758 542 1789 Mauretaniae
558 1769 687 1799 regem.
714 1770 758 1790 ex
775 1760 870 1790 cuius
886 1762 1034 1800 θεατρικῇ
1053 1759 1180 1800 ἱστορίᾳ
1201 1759 1378 1799 ingentem
1396 1770 1543 1790 messem
1566 1760 1598 1790 in
1614 1760 1740 1790 horrea
1758 1771 1818 1790 sua
1835 1762 1949 1800 compi

150 1812 241 1842 lator
262 1812 318 1843 ille
341 1813 528 1853 congessit,
554 1824 622 1853 qua
646 1815 689 1844 de
711 1825 748 1844 re
765 1814 1023 1854 elegantissime
1048 1814 1212 1853 exposuit
1231 1813 1379 1844 Ervinus
1396 1813 1536 1849 Rhode,
1564 1815 1606 1844 de
1623 1814 1773 1844 Pollucis
1797 1815 1949 1845 fontibus

149 1876 230 1906 pag,
257 1868 296 1897 33
321 1872 355 1897 et
371 1868 419 1903 72,
445 1868 572 1898 Pollux
596 1869 701 1908 igitur
724 1870 817 1909 apud
840 1869 960 1899 Iubam
984 1870 1167 1899 amborum
1193 1869 1285 1898 nomi
1310 1879 1486 1908 generum,
1512 1875 1545 1900 et
1570 1869 1698 1899 veteris
1723 1869 1949 1908 Terpandrici

151 1925 185 1950 et
204 1921 403 1952 recentioris
417 1922 500 1960 eius,
516 1933 585 1962 quo
600 1923 769 1954 Pindarus
785 1934 866 1954 usus
883 1929 944 1956 est,
971 1923 1241 1963 descriptionem
1259 1929 1291 1953 et
1306 1923 1452 1962 partium
1478 1924 1693 1954 sollemnium
1710 1924 1840 1953 indices
1857 1924 1949 1954 inve-

149 1980 256 2006 nerat.
285 1975 338 2005 Ac
350 1976 501 2016 priorem
520 1977 658 2017 quidem
675 1978 846 2018 integrum
859 1978 984 2008 Pollux
1008 1978 1194 2017 descripsit
1212 1984 1246 2007 et
1263 1978 1434 2017 apposuit.
1464 1978 1625 2008 Alterum
1640 1978 1733 2008 illum
1751 1978 1950 2008 describere

149 2038 278 2068 operae
298 2030 448 2070 pretium
463 2042 530 2062 non
548 2032 735 2062 arbitratus
752 2038 813 2072 est,
836 2033 997 2072 quoniam
1014 2033 1132 2072 quanti
1145 2033 1233 2062 haec
1251 2033 1393 2062 duorum
1411 2032 1558 2063 indicum
1576 2032 1771 2063 differentia
1789 2031 1947 2062 facienda

151 2088 252 2121 esset,
275 2085 387 2122 homo,
410 2086 468 2125 qui
492 2087 578 2117 haec
600 2096 665 2116 non
692 2087 725 2116 in
749 2087 896 2117 aurificis
919 2093 1058 2128 statera⁷
1083 2089 1145 2118 sed
1168 2088 1201 2118 in
1217 2087 1377 2128 populari
1401 2089 1529 2118 trutina
1545 2089 1724 2128 penderet,
1749 2089 1841 2118 haud
1864 2089 1947 2118 satis

150 2138 392 2178 perspiciebat.
428 2139 543 2179 Quare
559 2140 674 2171 officio
691 2141 901 2172 satisfecisse
915 2142 980 2172 sibi
994 2142 1086 2172 visus
1106 2148 1167 2182 est,
1185 2143 1212 2172 si
1228 2143 1320 2172 illam
1336 2143 1562 2182 potissumum
1587 2153 1668 2178 rem,
1692 2153 1760 2182 qua
1776 2142 1949 2182 posterior

153 2202 332 2223 nomorum
354 2193 465 2224 forma
481 2205 501 2225 a
517 2195 634 2235 priore
650 2196 873 2236 discreparet,
895 2198 1083 2227 notandam
1100 2203 1263 2228 curasset.
1299 2197 1369 2227 Iam
1386 2197 1452 2227 hoc
1475 2197 1521 2227 illi
1545 2197 1777 2227 consideranti
1800 2202 1833 2226 et
1849 2206 1948 2236 repu-

150 2246 237 2277 tanti
252 2245 326 2278 fieri
341 2258 408 2278 non
425 2249 546 2288 potuit.
572 2250 652 2289 quin
668 2250 849 2290 Eparchae
871 2257 905 2282 et
918 2251 1120 2282 Metarchae
1137 2252 1282 2287 nomina,
1307 2262 1453 2291 quorum
1476 2253 1540 2282 hoc
1563 2252 1595 2281 in
1620 2251 1694 2281 solo
1720 2251 1846 2290 priore,
1864 2250 1949 2280 illud

149 2301 181 2331 in
196 2302 270 2331 solo
283 2302 476 2342 posteriore
489 2304 653 2343 scriptum
670 2310 772 2347 esset,
796 2312 1016 2336 occurrerent
1028 2307 1216 2345 oculosque
1234 2306 1306 2336 eius
1320 2306 1351 2335 in
1366 2317 1402 2335 se
1421 2311 1672 2336 converterent.
1709 2305 1840 2335 Prioris
1858 2304 1947 2334 enim

1732 2360 1749 2384 4
