2140 3026
1082 150 1154 180 XX

231 252 414 275 concentus
437 244 683 284 perciperetur;
707 242 794 273 conf.
820 242 1016 281 Mezgerum
1041 252 1070 280 p.
1085 242 1123 271 26
1144 250 1192 279 sq.
1230 240 1329 270 Velut
1353 239 1384 269 in
1407 239 1566 273 carmine,
1589 241 1683 279 quod
1700 242 1879 281 egregium
1895 243 1997 281 prisci

232 299 296 328 stili
321 299 490 338 specimen
515 305 575 330 est.
600 298 652 328 Ol.
677 297 750 329 VH.
773 297 826 325 vel
851 296 907 334 qui
941 294 1131 325 summatim
1155 294 1239 324 haec
1262 294 1366 333 legat.
1401 292 1474 324 fieri
1498 294 1555 323 vix
1579 294 1704 332 poterit
1727 294 1807 334 quin
1830 303 1998 327 concentu

231 353 473 382 vocabulorum
498 351 716 390 percutiatur.
739 349 883 388 primum
906 348 937 378 in
964 348 1152 386 Catatropa
1174 356 1203 376 v.
1227 347 1280 377 20:
1303 348 1447 385 ε’θελήσω
1471 349 1571 378 τοῖσιν
1591 348 1622 378 ἐξ
1646 348 1747 386 ἀρχᾶς
1771 348 1835 380 ἀπὸ
1857 349 1999 381 Τλαπτο-

231 407 326 442 λε’μου
350 407 360 443 ΕΞ
384 406 478 436 Ξυνὸν
500 406 662 441 ἀγγέλλων
685 404 857 440 διορθῶσαι
879 402 984 437 λόγον.
1019 408 1051 431 et
1083 400 1112 429 in
1137 400 1415 440 Metacatatropa
1441 411 1470 432 v.
1495 401 1547 431 77:
1586 402 1654 432 τόθι
1682 402 1797 440 λύτρον
1830 405 2002 441 συμφορᾶς

229 459 356 497 οἰκτρᾶς
379 460 474 495 γλυκὺ
496 458 710 497 Τλαπτολέμῳ
733 456 744 495 Η
765 457 890 487 ἵσταται
923 455 1092 492 Τυρινθίων
1124 453 1290 494 ἀρχαγέτᾳ.
1335 455 1388 485 Ac
1411 465 1454 485 ne
1475 455 1557 485 illud
1581 455 1717 495 quidem
1742 456 1834 486 casui
1851 456 2001 487 tribuen-

229 514 306 543 dum
331 520 391 545 est.
423 513 515 551 quod
539 512 706 541 interdum
730 509 863 548 singula
888 508 1065 541 vocabula,
1103 508 1257 546 pondere
1291 518 1372 539 sane
1396 509 1509 548 aliquo
1534 516 1567 540 et
1590 510 1753 550 singulari
1777 509 1808 540 vi
1832 510 1999 549 praedita,

227 567 310 596 locis
335 566 515 596 carminum
540 565 601 594 sibi
626 563 911 603 respondentibus
934 562 980 591 ita
1001 561 1112 600 posita
1137 561 1360 595 inveniuntur.
1396 568 1431 592 ut
1461 563 1605 593 alterum
1636 563 1776 594 alterius
1800 564 1999 595 memoriam

227 626 375 649 revocet.
423 619 497 648 lloc
520 628 656 657 quoque
680 617 869 647 modestum
893 621 945 645 est
969 621 1001 645 et
1032 623 1184 654 parvum,
1219 614 1280 644 sed
1303 615 1449 646 minume
1482 617 1596 647 hercle
1622 617 1772 657 ineptum
1798 617 1999 649 Pindaricae

227 672 446 712 supellectilis
470 672 735 702 instrumentum.
792 670 895 699 Velut
918 669 948 697 in
973 668 1122 698 carmine
1146 666 1320 698 fidissume
1343 678 1522 700 nomorum
1549 671 1724 711 antiquom
1747 671 1860 702 stilum
1886 672 1998 711 expri-

227 732 337 756 mente
362 725 457 756 Nem.
479 725 525 760 X,
549 726 580 755 in
606 725 793 763 Catatropa
816 734 845 755 v.
868 724 922 754 21:
945 723 1057 759 μοῖραν
1080 721 1192 758 ἐσλῶν,
1215 721 1248 752 in
1270 721 1549 763 Metacatatropa
1572 734 1601 755 ν.
1626 726 1678 756 53:
1714 725 1847 762 ἀγώνων
1871 728 1998 764 μοῑραν;

227 781 270 810 de
293 790 360 819 quo
386 779 472 810 dixit
495 779 677 819 Mezgerus
701 789 732 818 p.
757 779 795 809 27
820 784 904 809 extr.

273 944 321 975 21.
366 943 511 973 Mutatio
537 943 832 982 Metacatatropae
856 943 1029 978 traiectae,
1054 944 1169 983 specie
1191 953 1308 983 parva,
1332 954 1369 974 re
1392 954 1530 985 magna.
1555 946 1678 985 quibus
1701 947 1743 977 de
1767 947 1896 977 caussis
1918 953 1951 978 et

913 998 1050 1037 quando
1074 998 1229 1028 instituta
1252 999 1304 1029 sit.

368 1083 444 1113 Hoc
465 1083 569 1122 igitur
591 1082 744 1123 Mezgeri
777 1084 915 1115 invento
948 1084 981 1114 in
1005 1085 1114 1124 ipsam
1138 1085 1237 1125 quasi
1260 1085 1399 1116 Pindari
1423 1086 1594 1118 officinam
1617 1088 1871 1120 introducimur.
1925 1089 1998 1120 Nec

222 1136 309 1173 illae,
335 1147 423 1176 quae
446 1137 602 1168 videntur
627 1147 711 1171 esse.
736 1138 897 1170 minutiae
920 1139 1018 1178 parvi
1041 1138 1220 1170 faciendae
1242 1145 1328 1172 sunt.
1360 1140 1424 1171 His
1440 1141 1523 1180 ipsis
1540 1142 1725 1172 carminum
1739 1142 1996 1174 Pindaricorum

225 1191 320 1221 stilus
345 1191 534 1222 accuratius
559 1191 724 1224 definitur.
776 1192 862 1223 Nam
886 1193 1026 1223 Pindari
1061 1193 1212 1224 carmina
1246 1199 1378 1224 tantum
1408 1195 1516 1232 abest,
1552 1201 1588 1225 ut
1621 1206 1724 1226 unum
1748 1197 1861 1227 stilum
1885 1197 1997 1228 omnia

222 1245 380 1279 habeant,
404 1250 440 1275 ut
462 1245 582 1276 mirum
606 1252 767 1285 quantum
791 1247 879 1278 inter
902 1257 940 1278 se
953 1248 1089 1279 diversa
1111 1248 1190 1287 sint;
1213 1258 1292 1279 nam
1316 1249 1418 1279 modo
1442 1250 1594 1289 pressius
1619 1251 1662 1279 ad
1678 1251 1827 1289 priscam
1843 1261 1996 1282 normam

223 1299 396 1334 accedunt,
421 1300 522 1330 modo
546 1300 706 1331 liberiore
729 1300 849 1332 itinere
872 1302 916 1332 ab
940 1312 981 1332 ea
1004 1301 1197 1334 deflectunt.
1243 1303 1315 1333 Iam
1339 1303 1442 1343 igitur
1466 1304 1530 1334 hoc
1553 1310 1713 1334 constare
1740 1305 1892 1336 videtur:
1925 1305 1996 1336 Me-

220 1358 480 1392 tacatatropam,
513 1364 601 1394 quae
633 1355 725 1394 apud
746 1355 996 1395 Terpandrum,
1031 1356 1059 1386 si
1080 1356 1168 1387 fides
1200 1358 1269 1387 ulla
1292 1363 1344 1388 est
1366 1358 1516 1388 Pollucis
1539 1357 1598 1393 IV,
1627 1359 1667 1389 66
1690 1359 1892 1394 testimonio,
1917 1366 1997 1390 ante

219 1408 415 1446 omphalum
439 1407 510 1442 fuit,
534 1408 567 1438 in
590 1419 630 1439 ea
653 1414 736 1446 arte,
761 1419 863 1449 quam
878 1410 1047 1441 Pindarus
1072 1411 1229 1449 excoluit,
1253 1418 1333 1451 post
1357 1412 1555 1452 omphalum
1576 1413 1755 1443 traiectam
1779 1424 1865 1444 esse.
1900 1413 1997 1445 Haec

219 1461 361 1491 mutatio
383 1461 491 1501 primo
514 1463 679 1502 adspectu
701 1473 818 1502 parva,
842 1464 918 1504 ipso
942 1464 1077 1500 effectu,
1101 1466 1128 1496 si
1154 1466 1268 1496 omnia
1298 1472 1447 1506 reputes,
1471 1476 1662 1506 permagna
1686 1468 1776 1498 haud
1800 1468 1903 1498 dubie
1926 1467 1997 1503 fuit,

218 1525 295 1545 nam
319 1526 359 1546 ea
385 1516 482 1545 stilus
504 1516 640 1547 omnino
665 1518 849 1548 carminum
874 1528 993 1549 eorum
1016 1519 1103 1549 alius
1125 1518 1240 1550 fiebat.
1298 1519 1368 1552 Sed
1400 1521 1486 1550 haec
1509 1521 1652 1551 mutatio
1684 1521 1820 1552 minime
1854 1521 1995 1552 arbitrio

218 1569 351 1599 cuidam
373 1570 428 1600 vel
450 1571 632 1601 temerario
654 1572 803 1602 novandi
826 1573 961 1604 conatui
984 1574 1166 1604 tribuenda
1190 1580 1251 1609 est,
1275 1575 1376 1604 immo
1399 1574 1500 1604 fluxit
1524 1585 1568 1605 ex
1591 1574 1795 1606 inexhausta
1818 1575 1875 1605 illa
1887 1575 1994 1606 Grae-

217 1632 277 1653 cae
302 1623 416 1662 poesis
438 1624 603 1661 fecundia,
628 1635 716 1665 quae
739 1636 911 1666 nunquam
934 1628 966 1658 in
990 1629 1124 1659 traditis
1148 1629 1335 1669 antiquitus
1359 1628 1478 1659 formis
1503 1629 1674 1669 acquievit
1691 1636 1725 1660 et
1749 1630 1910 1669 substitit,
1934 1631 1995 1660 sed

217 1677 317 1707 altius
341 1687 476 1717 semper
499 1684 533 1709 et
556 1679 656 1710 altius
681 1681 846 1719 evolavit3
879 1691 967 1721 quae
990 1693 1031 1713 ea
1055 1683 1184 1722 pietate
1208 1683 1347 1723 antiqua
1370 1684 1596 1723 conservavit,
1630 1689 1666 1714 ut
1694 1684 1938 1724 locupletando
1963 1691 1996 1715 et

217 1731 409 1761 excolendo
433 1733 628 1771 pulchriora
651 1733 709 1764 illa
731 1745 868 1775 semper
890 1742 923 1766 et
946 1747 1037 1767 nova
1060 1739 1231 1768 redderet.
1278 1738 1351 1768 Nec
1373 1738 1542 1768 Pindarus
1566 1748 1629 1777 pro
1656 1738 1744 1768 illius
1769 1738 1896 1769 inventi
1919 1748 1996 1769 auc-

216 1790 290 1814 tore
312 1785 491 1816 habendus
512 1793 579 1822 est;
613 1787 724 1828 immo,
753 1789 816 1819 nisi
839 1790 952 1820 omnia
976 1790 1106 1829 fallunt,
1128 1792 1233 1832 longe
1257 1792 1291 1822 id
1315 1792 1486 1832 antiquius
1511 1798 1578 1827 est;
1613 1803 1653 1822 ac
1677 1799 1752 1822 sunt
1776 1793 1867 1823 haud
1891 1793 1995 1824 dubia

217 1845 418 1877 argumenta
441 1846 520 1878 post
543 1840 647 1879 ipsius
668 1842 861 1882 Terpandri
884 1850 1034 1875 aetatem
1060 1846 1093 1875 id
1116 1845 1183 1876 iam
1205 1846 1434 1877 introductum
1458 1856 1543 1878 esse.
1595 1846 1778 1877 Potissima
1802 1857 1895 1881 vero,
1928 1858 1995 1887 qua

216 1892 259 1921 ad
282 1891 374 1922 illam
398 1894 656 1933 compositionis
680 1896 793 1936 legem
817 1899 1017 1929 variandam
1041 1905 1167 1939 poetae
1189 1900 1327 1930 adducti
1349 1901 1515 1940 videnter,
1541 1910 1664 1930 caussa
1687 1901 1887 1940 exemplum
1902 1902 1995 1932 haud

216 1945 317 1975 dubie
330 1946 432 1977 Nomi
449 1954 482 1978 et
498 1949 632 1980 auletici
650 1956 683 1981 et
699 1952 848 1983 aulodici
861 1952 932 1990 fuit,
952 1954 1007 1993 qui
1021 1955 1064 1984 ab
1079 1961 1226 1994 utroque
1241 1955 1350 1985 latere
1366 1955 1455 1985 circa
1472 1955 1508 1985 τὸ
1522 1954 1663 1993 ἰαμβικὸν
1681 1956 1788 1990 binas,
1806 1956 1862 1986 vel
1878 1961 1994 1986 ternas

216 1999 329 2038 potius
345 2006 461 2039 partes
478 2003 660 2034 sollemnes
677 2006 866 2044 habebant;
883 2006 1008 2038 Pollux
1021 2008 1070 2038 IV
1086 2009 1134 2039 84.
1158 2008 1344 2039 Praeterea
1360 2018 1461 2038 unum
1478 2008 1511 2038 in
1526 2008 1639 2039 limine
1656 2009 1769 2039 statim
1788 2011 1994 2040 monendum

217 2059 277 2092 est7
292 2055 382 2084 unde
399 2065 493 2085 error
509 2055 609 2086 facile
625 2059 717 2089 nasci
734 2060 855 2098 possit:
872 2061 1150 2103 Metacatatropa
1165 2064 1257 2103 apud
1266 2062 1451 2093 Pindarum
1468 2063 1745 2093 constantissimo
1762 2074 1824 2094 usu
1837 2064 1869 2094 in
1882 2065 1993 2095 locum

215 2113 294 2146 post
311 2109 507 2148 omphalum
531 2111 674 2142 traiecta
697 2112 730 2142 in
753 2114 840 2144 hanc
863 2114 963 2146 facile
986 2116 1182 2156 opinionem
1204 2127 1268 2147 nos
1292 2118 1464 2148 adducere
1486 2117 1610 2156 possit:
1642 2117 1774 2148 novicia
1798 2119 1861 2148 hac
1884 2117 1995 2149 forma

215 2161 352 2192 inventa
375 2164 599 2195 vetustiorem
623 2166 714 2197 illam
738 2170 955 2208 antepositae
977 2171 1139 2210 omphalo
1156 2176 1451 2210 metacatatropae
1475 2180 1519 2200 ex
1535 2180 1599 2201 usu
1616 2172 1787 2202 sublatam
1804 2182 1945 2212 prorsus
1961 2173 1994 2203 in

215 2215 421 2247 oblivionem
444 2218 567 2249 abisse.
602 2219 641 2249 Id
664 2221 767 2260 plane
790 2232 889 2253 secus
909 2223 1036 2254 factum
1059 2230 1119 2255 est.
1155 2224 1288 2256 Etenim
1305 2226 1427 2255 ambae
1443 2225 1535 2254 haud
1552 2225 1654 2255 dubie
1671 2225 1801 2257 formae
1824 2232 1860 2257 ut
1883 2227 1993 2257 iustae

214 2269 457 2310 legitimaeque
480 2282 541 2311 pro
566 2274 751 2305 carminum
776 2276 912 2308 diverso
947 2279 1088 2309 consilio
1122 2285 1155 2310 et
1186 2284 1308 2309 natura
1332 2289 1352 2308 a
1379 2278 1492 2318 poetis
1517 2279 1607 2309 omni
1633 2286 1797 2319 tempore.
1834 2280 1994 2320 quamdiu
