2140 3026
978 155 1073 187 XXI

129 249 244 281 floruit
266 248 402 280 Graeca
423 249 549 289 poesis,
571 248 646 288 pari
668 248 742 278 iure
763 252 950 286 usurpatae
974 252 1062 277 sunt.
1105 245 1174 277 Sed
1206 246 1292 276 haec
1322 246 1436 276 omnia
1466 247 1638 286 quomodo
1673 247 1849 278 evenerint
1878 254 1912 278 et

130 305 420 344 quemadmodum
442 312 621 334 nomorum
643 312 699 332 ars
721 311 784 341 per
805 301 870 331 hos
890 301 1020 340 gradus
1044 301 1088 330 ab
1103 299 1316 330 incunabulis
1339 300 1383 330 ad
1406 299 1639 331 maturitatem
1655 310 1843 341 progressa
1859 301 1913 333 sit.

130 359 322 390 accuratius
344 368 432 389 nunc
456 357 598 397 singulis
619 356 811 396 quibusque
835 354 1070 391 consideratis,
1094 355 1323 384 enarrandum
1343 354 1415 385 erit.

156 525 207 556 22.
250 524 306 555 De
326 532 447 553 versus
468 521 663 552 hexametri
686 520 774 560 epici
797 520 829 550 in
852 520 1046 560 Terpandri
1067 520 1188 550 Nomis
1209 530 1281 552 usu.
1306 538 1346 542 —
1371 519 1461 560 Quid
1484 521 1526 551 sit
1551 522 1643 561 apud
1666 521 1888 551 Plutarchum

720 576 763 604 de
784 574 871 605 Mus.
895 575 927 605 3:
950 574 1030 606 κατὰ
1053 575 1154 612 νόμον
1176 575 1322 606 ἕκαστον.

279 665 472 705 Terpandri
493 665 598 705 igitur
621 665 769 704 antiquis
792 665 1007 704 temporibus
1034 671 1113 696 octo
1138 665 1239 696 Nomi
1262 665 1471 701 ferebantur,
1503 675 1648 705 quorum
1677 666 1815 697 nomina
1845 677 1913 697 non

131 733 152 752 a
173 722 255 758 deis,
279 720 402 760 quibus
425 719 617 750 consecrati
639 719 742 750 Nomi
764 725 889 755 essent,
926 719 1109 759 desumpta
1133 726 1240 760 erant,
1273 720 1335 750 sed
1366 731 1386 750 a
1416 721 1518 751 rebus
1553 721 1665 761 mag-is
1698 720 1844 751 fortuitis
1881 728 1914 752 et

131 775 298 813 externis;
333 774 460 804 Pollux
483 774 540 811 IV,
563 774 617 805 65:
662 773 753 811 νόμοι
785 774 819 804 δὲ
852 773 882 804 οἱ
904 773 1111 812 Τερπάνδρου
1142 775 1206 806 ἀπὸ
1237 776 1293 813 μὲν
1324 777 1387 806 τῶν
1411 775 1510 806 ἐθνῶν
1536 775 1611 807 ὅθεν
1634 775 1682 814 ἦν,
1716 775 1840 814 Αἰόλιος
1865 776 1915 807 καὶ

131 829 293 868 Βοιώτιος,
326 828 389 860 ἀπὸ
413 829 448 859 δὲ
472 828 597 866 ῥυθμῶν
620 827 729 866 ὄρθιος
753 828 804 858 καὶ
825 829 985 866 τροχαῖος,
1015 828 1078 859 ἀπὸ
1101 830 1136 860 δὲ
1159 830 1287 868 τρόπων
1311 831 1431 868 (τόπων
1453 831 1585 860 mavolt
1607 829 1754 861 Ervinus
1777 830 1915 865 Rohde,

131 885 174 915 de
196 883 272 915 Iulii
295 882 444 913 Pollucis
476 881 636 919 fontibus,
671 881 763 920 Lips.
790 881 877 918 1870,
914 892 946 921 p.
970 882 1018 919 72,
1055 890 1245 922 praeeunte
1268 883 1503 924 Vi'estphalio)
1535 885 1610 923 ὀξὺς
1633 885 1684 915 καὶ
1706 886 1913 924 τετραοίδιος,

130 938 194 970 ἀπὸ
219 939 254 969 δὲ
276 937 376 969 αὐτοῦ
405 937 456 968 καὶ
488 938 546 967 τοῦ
579 936 742 973 ἐρωμένου
766 935 1001 974 Τερπάνδρειος
1030 938 1081 967 καὶ
1102 938 1231 969 Καπίον.
1287 937 1431 978 Septem
1453 939 1688 969 tantummodo
1710 939 1915 969 Plutarchus

130 998 321 1028 enumerat;
346 992 408 1021 sed
429 991 537 1028 unius,
562 989 703 1029 eiusque
718 989 907 1029 clarissimi,
931 990 1052 1030 Orthii‚
1076 993 1241 1022 memoria
1263 993 1296 1022 in
1311 992 1379 1024 fine
1395 993 1515 1024 indicis
1527 993 1725 1024 Plutarchei
1742 993 1915 1024 excidisse

129 1047 280 1083 videtur;
315 1045 403 1075 Plut.
426 1045 470 1074 de
491 1043 579 1074 Mus.
602 1045 636 1074 4:
670 1043 792 1081 ἐκεῖνος
822 1043 856 1082 (i.
879 1053 907 1074 e.
929 1044 1149 1084 Τέρπανδρος)
1182 1049 1262 1083 γοῦν
1294 1048 1370 1086 τοὺς
1404 1049 1634 1088 κιθαρῳδικοὺς
1669 1048 1700 1083 (i.
1731 1058 1758 1079 e.
1781 1048 1915 1086 νόμους)

128 1102 258 1139 πρῶτος
279 1099 429 1137 ὠνόμασε
453 1098 604 1129 Βοιώτιόν
626 1108 696 1128 τινα
719 1098 770 1128 καὶ
785 1098 920 1133 Αἰόλιον,
944 1099 1101 1137 Τροχαῖόν
1125 1111 1159 1132 τε
1183 1102 1234 1132 καὶ
1254 1102 1358 1137 Ὀξύν,
1384 1102 1533 1140 Κηπίωνά
1555 1113 1588 1133 τε
1616 1103 1666 1133 καὶ
1678 1102 1915 1141 Τερπάνδρειον

128 1156 243 1192 καλῶν,
266 1153 348 1185 ἀλλὰ
370 1153 430 1191 μὴν
452 1153 503 1183 καὶ
524 1152 729 1191 Τετραοίδιον
754 1152 817 1190 [καὶ
838 1152 978 1191 Ὄρθιον,
1003 1155 1095 1193 quod
1118 1156 1350 1195 supplendum
1376 1162 1493 1186 censet
1515 1156 1689 1196 Bergkius
1711 1156 1811 1188 Poet.
1833 1156 1913 1196 Lyr.

128 1207 253 1240 Graec.
274 1207 348 1247 1114,
372 1217 405 1247 p.
426 1207 455 1245 8,
479 1207 578 1237 aliter
600 1207 789 1246 paullulum
813 1213 986 1238 statuente
1009 1207 1135 1239 Ervino
1158 1209 1287 1240 Rohde
1307 1211 1326 1240 L
1350 1221 1374 1241 s.
1398 1220 1430 1249 p.
1455 1211 1493 1241 72
1517 1216 1585 1241 not.
1611 1210 1653 1250 l].
1709 1210 1764 1241 De
1794 1212 1915 1241 eadem

128 1273 166 1294 re
188 1267 372 1303 praeterea
394 1266 565 1292 testantur
586 1261 731 1291 Photius
753 1261 787 1291 in
810 1261 940 1292 Lexico
966 1262 990 1301 I,
1013 1263 1075 1294 449
1100 1269 1134 1293 et
1155 1263 1198 1303 H,
1228 1265 1267 1295 26
1286 1265 1339 1295 ed.
1364 1264 1482 1295 Naber
1508 1272 1541 1295 et
1565 1264 1690 1296 Suidas
1715 1275 1739 1296 s.
1763 1275 1794 1295 v.
1815 1266 1916 1303 νόμος

129 1323 164 1348 et
186 1317 296 1356 ὄρθιος
320 1316 429 1354 νόμος,
475 1316 593 1355 Atque
616 1315 809 1355 Terpandri
841 1317 979 1356 quidem
1014 1327 1134 1348 nomos
1156 1328 1285 1358 magna
1308 1329 1353 1350 ex
1375 1325 1474 1359 parte
1496 1319 1653 1349 versibus
1675 1320 1821 1350 heroicis
1837 1330 1914 1350 con-

128 1372 267 1410 stitisse,
301 1369 499 1401 certissimis
528 1369 732 1400 testimoniis
767 1371 947 1408 evincitur3
987 1372 1131 1403 Proclus
1169 1372 1419 1404 Chrestomath.
1460 1373 1493 1403 in
1527 1373 1744 1413 “Scriptores
1783 1374 1916 1405 metrici

129 1425 275 1457 Graeci’'
299 1425 352 1456 ed.
373 1424 568 1464 VVestphal,
592 1425 658 1456 vol.
681 1424 706 1464 I,
729 1424 822 1464 Lips.
849 1426 938 1462 1366,
961 1436 1039 1466 pag.
1066 1427 1142 1458 245:
1167 1429 1254 1458 δοκεῖ
1277 1429 1312 1458 δὲ
1335 1428 1540 1466 Τέρπανδρος
1563 1429 1619 1466 μὲν
1640 1430 1768 1466 πρῶτος
1790 1430 1916 1460 τελειῶ-

130 1489 186 1512 σαι
207 1481 265 1512 τὸν
287 1479 396 1517 νόμον,
419 1479 515 1519 ἡρῴῳ
539 1479 642 1519 μέτρῳ
665 1479 879 1518 χρησάμενος.
915 1479 1004 1511 Plut.
1030 1480 1072 1510 de
1095 1480 1184 1511 Mus.
1205 1483 1238 1512 4:
1260 1481 1308 1512 ὅτι
1331 1483 1366 1513 δὲ
1389 1482 1418 1513 οἱ
1442 1483 1642 1523 κιθαρῳδικοὶ
1658 1483 1749 1520 νόμοι
1771 1483 1800 1513 οἱ
1819 1483 1917 1514 πάλαι

130 1535 163 1566 ἑξ
188 1534 277 1565 ἐπῶν
299 1534 504 1568 συνίσταντο,
527 1533 683 1571 Τιμόθεος
706 1533 860 1571 ἐδήλωσε.
915 1533 1130 1565 Gravissima
1152 1543 1186 1566 et
1208 1536 1419 1576 locupletem
1433 1537 1550 1567 hercle
1567 1537 1759 1567 doctrinam
1783 1538 1917 1577 spirans

129 1588 308 1619 Plutarchi
330 1588 417 1618 haec
440 1593 493 1618 est
516 1586 668 1618 definitio
693 1598 738 1618 ex
759 1587 953 1619 Heraclidis
976 1589 1111 1620 Pontici
1134 1591 1308 1630 Συναγωγῇ
1339 1592 1404 1622 τῶν
1426 1591 1460 1622 ἐν
1484 1591 1632 1631 Μουσικῇ
1658 1592 1796 1627 hausta;
1829 1591 1917 1622 conf.

129 1642 389 1681 VVestphalium
421 1641 455 1672 in
488 1641 640 1672 editione
673 1641 780 1673 libelli
811 1642 1008 1674 Plutarehei
1043 1644 1086 1674 de
1119 1643 1261 1683 Musica,
1292 1645 1526 1676 Vratislaviae
1564 1646 1652 1681 1865,
1687 1646 1919 1676 commentarii

129 1707 211 1738 pag.
233 1698 283 1728 25.
328 1696 417 1727 Plut.
442 1697 484 1727 de
508 1696 595 1728 Mus.
620 1697 638 1727 3
665 1703 751 1728 extr.
776 1698 869 1737 (pag.
893 1698 911 1728 6
934 1699 986 1728 ed.
1008 1697 1236 1738 Volkmann):
1268 1700 1319 1730 καὶ
1350 1699 1410 1737 γὰρ
1433 1700 1489 1730 τὸν
1513 1699 1719 1738 Τέρπανδρον
1743 1700 1804 1739 ἔφη
1829 1700 1862 1738 (i.
1889 1710 1917 1731 e.

128 1752 147 1784 ὁ
168 1751 392 1790 Ἡρακλείδης)
417 1753 633 1791 κιθαρῳδικῶν
656 1752 790 1789 ποιητὴν
813 1751 891 1783 ὄντα
914 1753 1022 1790 νόμων
1045 1754 1125 1784 κατὰ
1147 1754 1248 1791 νόμον
1269 1754 1407 1785 ἕκαστον
1430 1756 1496 1792 τοῖς
1521 1754 1610 1785 ἔπεσι
1633 1756 1700 1793 τοῖς
1725 1755 1842 1786 ἑαυτοῦ
1866 1756 1917 1786 καὶ

129 1807 197 1844 τοῖς
219 1805 360 1843 Ὁμήρου
379 1805 457 1843 με’λη
480 1806 679 1843 περιτιθέντα
703 1806 791 1845 ᾄδειν
814 1806 848 1837 ἐν
873 1808 940 1844 τοῖς
964 1807 1092 1843 ἀγῶσιν.

280 1858 464 1899 Quaeritur
496 1860 578 1899 quid
612 1860 671 1890 sit:
715 1861 796 1891 κατὰ
829 1860 928 1898 νόμον
962 1861 1108 1893 ἕκαστον.
1154 1862 1363 1893 Meibomius
1396 1863 1429 1892 in
1463 1862 1665 1893 Aristoxeni
1702 1863 1852 1894 editione
1884 1863 1918 1893 in

130 1912 276 1952 “Script.
299 1914 350 1944 rei
372 1914 542 1945 musicae''
564 1915 630 1946 vol.
654 1914 678 1952 1,
704 1915 897 1945 Amstelod.
924 1916 1013 1955 1652,
1038 1926 1118 1956 pag.
1144 1917 1182 1947 76
1206 1917 1305 1946 huius
1327 1917 1394 1948 loci
1417 1927 1556 1955 memor,
1591 1918 1638 1947 ita
1673 1928 1751 1948 eum
1778 1918 1918 1948 circum-

133 1967 313 1998 scribendo
346 1968 523 2000 transfert:
564 1969 795 2009 Tfrpandrum
822 1994 828 2000 .
846 1993 852 1999 .
870 1994 876 2000 .
900 1968 1056 2010 singulis
1086 1969 1205 2005 nomz'S,
1243 1973 1314 2001 tum
1347 1970 1558 2001 carminibus
1591 1971 1666 2002 suis
1697 1982 1734 2002 ac
1763 1971 1916 2003 Hom-ri.

129 2020 265 2052 cantica
287 2021 588 2063 circumponentem
621 2022 782 2053 cccl‘m'ssc
806 2022 843 2053 in
860 2023 1110 2056 certaminibus.
1143 2025 1177 2055 Is
1198 2026 1303 2066 igitur
1325 2026 1513 2057 credidisse
1530 2027 1674 2065 videtur,
1698 2027 1919 2057 Plutarchum

132 2076 260 2107 dicere:
299 2076 490 2117 Terpandri
512 2078 622 2108 nomis
645 2078 789 2108 Homeri
821 2088 942 2109 versus
966 2079 1140 2110 immixtos
1164 2079 1279 2111 fuisse.
1333 2080 1575 2120 westphalius
1598 2081 1631 2111 in
1653 2082 1810 2112 versione
1835 2080 1919 2112 Ger-

131 2130 265 2161 manica
297 2130 413 2161 libello
446 2132 652 2163 Plutarcheo
685 2133 846 2163 adiuncta
875 2143 907 2172 q.
934 2134 973 2164 36
995 2139 1082 2165 extr.
1106 2144 1175 2164 non
1212 2134 1295 2164 satis
1318 2136 1419 2168 clare.
1455 2145 1558 2175 quem
1595 2146 1713 2166 eorum
1735 2137 1919 2166 verborum

132 2194 270 2215 sensum
292 2190 439 2224 putaret,
465 2187 620 2217 elocutus
643 2194 703 2218 est.
743 2187 828 2217 Mihi
850 2187 1056 2217 Plutarchus
1079 2188 1135 2218 vel
1158 2188 1362 2219 Heraclides
1386 2189 1501 2228 potius
1534 2190 1568 2219 id
1591 2199 1659 2219 non
1682 2190 1802 2220 testari
1825 2190 1920 2220 vide-

130 2244 196 2275 tur,
221 2238 458 2278 Terpandrum
481 2240 623 2272 Homeri
647 2242 835 2272 carminum
857 2241 1044 2281 particulas
1066 2242 1176 2272 nomis
1200 2243 1269 2272 suis
1292 2243 1486 2274 inseruisse.
1522 2243 1632 2273 Immo
1656 2244 1722 2274 hoc
1745 2251 1798 2274 est
1821 2245 1914 2283 quod

130 2293 203 2323 volt
226 2292 443 2325 Heraclides:
480 2295 682 2335 Terpander
714 2297 859 2327 eandem
892 2296 1106 2326 harmoniam
1141 2297 1349 2336 eosdemque
1383 2298 1504 2328 modos
1535 2298 1696 2330 musicos.
1732 2298 1855 2337 quibus
1885 2299 1919 2329 in
