2140 3026
1100 165 1131 195 X

231 262 385 290 hostibus
410 260 487 290 suis.
512 257 790 295 benignissimum
816 267 852 285 se
876 256 1035 295 Aegina(-
1058 255 1233 294 praebuit:
1258 265 1319 286 nec
1346 254 1528 287 immerito2
1561 262 1637 281 nam
1662 252 1748 281 haec
1771 251 1891 284 insula,
1916 250 2009 280 iusti-

231 316 298 344 ιίιιιλ
328 312 587 343 ⁴studiosis-sirim.
611 309 985 350 praestantissimorum
1019 316 1052 338 ‹·t
1086 309 1226 338 heroum
1251 309 1352 339 altrix
1377 316 1429 339 est
1457 315 1490 338 et
1525 307 1682 343 virorum,
1717 315 1748 335 v,
1771 305 1828 335 25:
1861 306 2008 335 πολλοῖσι

230 371 285 404 μὲν
311 369 370 404 γαρ
393 367 529 396 ἀείδεται
554 378 563 402 ,l
587 364 775 401 νικαφόροις
800 365 834 393 έν
857 363 983 400 ἀέθλοις
1009 362 1169 399 Θρέψαισα
1193 363 1243 392 καὶ
1271 364 1362 400 θοαῖς
1391 363 1403 401 Η
1432 361 1630 399 ὑπερτάτους
1652 360 1762 397 ἥρωας
1785 360 1820 389 ἑν
1844 358 1972 396 μάχαις·
1997 358 2009 396 ΙΙ

228 423 265 451 τα
287 423 320 451 δὲ
341 421 389 450 καὶ
413 419 566 456 ἀνδράσιν
590 418 750 454 εμπρέπει,

227 588 254 613 9,
301 583 335 612 In
360 583 477 611 Archa
500 581 596 610 huius
620 580 777 610 carminis
801 578 1017 609 artificiosius
1034 578 1234 608 exornanda
1257 577 1406 617 priscum
1422 578 1678 617 Terpandricae
1702 577 1785 607 artis
1809 574 2006 614 exemplum

407 635 562 665 valuisse.
608 634 839 664 Posteriorem
863 633 953 663 illam
978 633 1116 662 Archae
1137 637 1270 670 partem
1295 631 1468 670 (Aeginae
1493 632 1634 668 decora)
1655 631 1827 671 specimen

769 697 845 717 esse
870 696 978 715 lucrm:
991 683 1230 725 genuinasque
1254 684 1456 715 lllc'farclmc.

374 781 483 810 Huius
507 780 610 819 igitur
634 779 791 809 carminis
815 778 915 817 Pyth.
943 776 1027 806 VIII
1049 776 1174 806 archae
1198 776 1265 805 duo
1290 780 1409 814 aperte
1440 780 1518 804 sunt
1542 782 1755 814 argumenta,
1791 785 1880 815 quae
1903 774 2009 814 aptis-

228 845 323 865 sume
348 834 483 873 quidem
507 839 539 863 et
564 832 829 872 elegantissume
853 831 965 861 media
988 830 1045 859 illa
1057 829 1232 869 Apollinis
1255 828 1429 858 mentione
1452 828 1541 858 inter
1557 839 1594 858 se
1611 829 1792 859 coniuncta
1808 835 1895 864 sunt,
1920 839 2009 868 quae

224 896 337 918 tamen
361 894 483 917 natura
506 896 565 916 sua
590 887 691 925 plane
715 885 851 915 diversa
875 895 952 915 esse
968 890 1127 923 apparet3
1152 883 1183 913 in
1208 883 1322 922 priore
1340 882 1429 912 enim
1453 882 1596 913 v.S—20
1620 883 1663 912 de
1682 881 1871 922 Gigantum
1887 884 2008 913 adver—

225 953 282 972 sus
305 942 422 972 Iovem
447 941 614 970 seditione
639 939 768 979 agitur;
792 940 824 969 in
842 940 952 969 altero
977 949 1006 969 v.
1024 939 1146 969 21—28
1171 938 1213 967 de
1230 936 1390 976 Aeginae
1416 936 1585 966 laudibus.
1621 935 1737 975 Quare
1763 936 1850 966 haec
1870 936 2008 976 quidem

224 997 341 1027 Archa
364 994 618 1035 compositionis
640 994 826 1034 bipartitae
849 994 1075 1024 indubitatum
1098 991 1294 1030 exemplum
1314 991 1467 1030 praebet.
1505 990 1577 1020 Iam
1593 990 1829 1020 recordandus
1846 995 1899 1020 est
1914 990 2010 1020 locus

223 1051 419 1080 noti>simus
443 1056 477 1079 et
501 1048 711 1079 eruditorum
735 1048 1025 1087 disputationibus
1049 1045 1341 1076 celebratissimus
1366 1045 1459 1084 apud
1483 1045 1659 1075 Pollucem
1682 1044 1742 1079 IV,
1777 1045 1817 1075 66
1841 1045 1884 1075 de
1907 1044 2009 1074 Nomi

223 1103 446 1143 Terpandrici
470 1102 633 1141 partibus.
690 1101 740 1131 Ibi
764 1106 842 1140 post
877 1101 1016 1131 archam
1040 1100 1193 1139 sequitur
1215 1099 1364 1137 μεταρχά.
1402 1098 1489 1129 Poll.
1514 1099 1572 1133 IV,
1596 1099 1652 1129 66:
1687 1099 1765 1137 μέρη
1788 1100 1823 1130 δὲ
1846 1101 1904 1130 τοῦ
1928 1102 2012 1130 κιθα-

223 1159 360 1197 ρῳδικοῦ
382 1157 492 1194 νόμου,
516 1156 723 1194 Τερπάνδρου
741 1155 998 1193 κατανείμαντος,
1022 1154 1119 1185 ἑπτὰ’
1134 1153 1225 1192 ἀρχά,
1246 1153 1387 1191 μεταρχὰ
1410 1155 1474 1183 κτλ.
1492 1152 1580 1184 conf.
1597 1153 1797 1192 Bergkium,
1822 1153 1910 1184 Hist.
1929 1153 2008 1185 Litt.

222 1210 344 1241 Graec.
369 1210 401 1239 II
426 1209 550 1247 (Berol.
578 1208 680 1248 1883),
704 1218 735 1248 p.
761 1209 829 1239 211.
876 1207 973 1247 Quae
997 1208 1023 1237 si
1046 1214 1196 1247 reputes,
1219 1207 1301 1237 nihil
1324 1208 1511 1246 quidquam
1528 1207 1746 1238 verisimilius
1769 1212 1831 1247 est,
1857 1218 1959 1248 quam
1975 1208 2009 1238 in

222 1266 286 1294 hac
310 1265 418 1294 altera
443 1264 568 1293 archae
590 1263 748 1293 carminis
771 1262 871 1302 Pyth.
895 1262 978 1293 VIII
1000 1267 1099 1301 parte
1123 1272 1153 1292 v.
1178 1262 1301 1292 21—28
1326 1262 1523 1301 exemplum
1544 1271 1608 1292 nos
1625 1271 1812 1302 germanae
1841 1261 2009 1292 sincerae-

222 1328 283 1358 que
307 1317 496 1348 Metam-hac
520 1323 647 1347 tenere.
692 1316 807 1356 Quare
832 1318 897 1347 hoc
920 1326 1058 1346 carmen
1088 1326 1170 1346 sane
1200 1316 1381 1355 egregium
1410 1321 1462 1345 est
1485 1316 1621 1355 priscae
1644 1315 1729 1346 artis
1760 1316 1944 1355 specimen,
1977 1317 2009 1347 in

221 1382 289 1411 quo
314 1378 347 1402 et
368 1371 565 1411 sphragidis
588 1371 734 1401 formam
756 1370 974 1405 mesodicam⁷
999 1370 1149 1409 quinque
1167 1370 1324 1409 partibus
1347 1370 1391 1399 ad
1412 1370 1648 1409 symmetriam
1672 1370 1882 1410 compositis,
1907 1381 2011 1411 supra

221 1426 450 1456 invenerimus
475 1431 508 1455 et
535 1426 746 1456 metareham
774 1426 901 1455 archae
932 1424 1122 1455 subiectam
1154 1434 1243 1454 nunc
1277 1425 1464 1455 videamus.
1516 1424 1596 1454 Hoc
1626 1430 1839 1463 postremum
1872 1425 2010 1457 minime

222 1480 359 1510 dubium
383 1486 435 1510 est
458 1479 535 1519 quin
569 1480 613 1509 ad
643 1479 726 1509 artis
749 1478 1007 1518 Terpandricae
1041 1478 1109 1508 vim
1145 1485 1178 1509 et
1209 1479 1451 1509 auctoritatem
1485 1479 1720 1509 revocandum
1753 1479 1806 1516 sit,
1841 1489 1931 1519 quae
1953 1479 2010 1511 diu

221 1534 471 1574 posterioribus
495 1533 597 1563 etiam
621 1533 766 1564 saeculis
790 1533 866 1572 ipsa
888 1537 1062 1563 vetustate
1085 1532 1292 1563 venerabilis
1317 1533 1436 1573 viguit.

266 1713 311 1743 10.
356 1712 523 1741 Fabulam
546 1711 579 1740 in
602 1709 720 1740 Archa
744 1711 787 1741 de
810 1709 999 1750 Gigantum
1026 1711 1162 1742 excidio
1187 1711 1231 1741 ad
1254 1710 1417 1741 intestina
1445 1711 1537 1750 apud
1563 1710 1757 1750 Aeginetas
1779 1710 1967 1742 factionum

355 1765 541 1796 certamina
565 1770 734 1804 spectare.
776 1764 832 1795 De
856 1771 979 1804 quarta
1003 1774 1140 1804 semper
1162 1764 1195 1794 in
1216 1764 1440 1794 Doriensium
1463 1764 1660 1794 civitatibus
1682 1765 1870 1795 incolarum

933 1818 1172 1859 indigenarum
1195 1819 1294 1849 tribu.

368 1910 433 1940 His
458 1910 617 1940 stabilitis
641 1912 877 1950 quaerendum
916 1921 1006 1942 nunc
1029 1916 1091 1946 est,
1128 1921 1188 1942 cur
1220 1911 1254 1941 in
1285 1912 1391 1942 archa
1423 1911 1467 1942 de
1492 1910 1703 1951 Gigantibus
1727 1912 1896 1942 adversus
1919 1911 2010 1943 Iovis

219 1975 364 2005 regnum
388 1964 593 1995 seditionem
617 1965 834 1996 molientibus
869 1966 981 2005 deque
1013 1976 1131 1996 eorum
1155 1966 1324 2005 supplicio
1347 1966 1517 1996 Pindarus
1540 1966 1665 2006 egerit;
1699 1975 1778 1996 nam
1807 1966 1919 2006 primo
1951 1967 2010 1997 ad—

219 2025 341 2059 spectu
363 2019 485 2048 mirum
508 2019 624 2049 hercle
647 2019 756 2049 videri
790 2020 856 2050 hoc
889 2020 1011 2060 possit,
1047 2030 1110 2051 nec
1141 2020 1257 2050 statim
1281 2026 1438 2060 apparet,
1472 2021 1646 2060 quomodo
1680 2021 1767 2051 haee
1793 2021 1910 2060 imago
1934 2031 2010 2052 cum

219 2074 325 2104 totius
348 2073 507 2104 carminis
531 2083 671 2109 summa,
701 2074 838 2113 qualem
861 2084 967 2114 supra
990 2073 1214 2110 definivimus,
1249 2075 1419 2105 sententia
1443 2075 1635 2106 conveniat.
1688 2075 1744 2105 Ac
1777 2076 1837 2105 lux
1871 2075 2010 2115 quidem

220 2128 299 2158 huic
321 2128 402 2158 loco'
424 2137 469 2157 ex
492 2127 654 2166 Aeginae
687 2128 832 2158 historia
860 2129 933 2168 peti
955 2134 1080 2168 potest.
1137 2128 1300 2168 Aeginae
1335 2129 1403 2158 iam
1441 2129 1486 2158 ab
1518 2128 1764 2168 antiquissimis
1797 2129 2010 2169 temporibus

220 2182 325 2212 factio
350 2182 521 2221 quaedam
546 2180 609 2211 fuit
630 2181 803 2212 nobilitati
826 2182 951 2213 infesta
974 2189 1009 2214 et
1032 2184 1190 2214 adversa.
1234 2183 1376 2214 Nobiles
1399 2188 1525 2222 gentes
1554 2182 1697 2223 originis
1721 2183 1874 2214 Doricae
1897 2190 2012 2221 erant;

221 2247 284 2267 eae
307 2236 395 2266 enim
419 2241 576 2275 tempore
599 2235 668 2271 illo,
691 2246 760 2275 quo
783 2236 994 2268 Heraclidae
1017 2243 1127 2268 totam
1150 2237 1328 2277 paullatim
1346 2236 1624 2277 Peloponnesum
1648 2237 1818 2268 invasisse
1841 2238 2008 2276 dicuntur,

219 2291 264 2320 ab
288 2290 465 2329 Epidauro
498 2290 530 2320 in
553 2290 727 2330 Aeginam
760 2291 970 2322 traiecerunt
1005 2297 1039 2322 et
1071 2292 1191 2322 incolis
1213 2291 1460 2322 vetustioribus
1487 2292 1651 2322 subiectis
1675 2302 1820 2332 regnum
1843 2292 2011 2323 Doricum
