2140 3026
1087 170 1194 201 XXII

256 277 357 297 nonio
381 268 617 306 componendo
640 276 720 296 usus
745 273 826 297 erat.
862 264 964 294 etiam
988 263 1031 293 ad
1054 263 1154 292 illam.
1189 269 1278 299 quae
1303 266 1383 299 post
1414 267 1551 289 nomum
1575 259 1619 289 ab
1647 259 1722 298 ipso
1750 260 1904 290 canenda
1925 268 2028 296 esset,

256 320 395 350 Homeri
419 320 637 359 rhapsodiam
661 319 839 349 transtulit.
891 317 1013 356 Itaque
1049 323 1235 346 consensus
1274 313 1412 354 quidam
1449 320 1523 343 erat
1556 312 1694 352 generis
1715 313 1897 344 modorum
1921 314 2028 354 ipsius

255 376 354 406 nomi.
392 375 446 414 qui
482 382 640 412 tanquam
665 371 877 411 praeludium
914 370 1050 409 aliquod
1075 368 1234 398 universo
1268 367 1444 398 certamini
1473 366 1598 405 (ἀγῶνι)
1622 366 1918 407 praemittebatur,
1951 377 2027 398 cum

255 430 430 459 modorum
453 437 590 468 genere.
615 436 681 465 quo
705 426 814 465 prima
837 424 1020 463 rhapsodia
1043 423 1206 452 instructa
1229 428 1312 455 erat.
1335 431 1403 461 qua
1426 427 1598 451 certamen
1623 421 1850 460 aperiebatur.
1888 421 2026 452 Verbo—

255 493 326 513 rum
350 483 452 522 igitur
476 481 646 511 Plutarchi
671 481 713 509 de
736 479 822 510 Mus.
847 480 865 509 :3
892 485 992 508 extr.:
1027 477 1105 507 κατὰ
1140 476 1240 513 νόμον
1270 475 1408 506 ἕκαστον
1440 476 1507 513 τοῖς
1531 475 1622 506 ἔπεσι
1652 477 1719 513 τοῖς
1747 475 1864 506 ἑαυτοῦ
1887 476 1938 506 καὶ
1960 477 2028 514 τοῖς

251 535 392 574 Ὁμήρου
417 537 492 572 μέλη
516 535 713 573 περιτιθέντα
746 533 799 563 hic
829 542 947 563 sensus
977 538 1043 561 est:
1081 539 1154 559 cum
1182 531 1246 568 pro
1270 527 1364 558 nomi
1391 527 1553 568 cuiusque
1570 527 1778 569 propriclalc
1800 530 1833 558 cl
1848 538 1976 569 genere
1997 532 2030 560 ct

253 590 326 620 sm's
349 588 554 619 lie-,1-‹1111rfr115
588 589 630 618 nin
654 591 767 621 nomo)
799 588 830 615 c!
850 583 1042 616 Homericis
1078 583 1148 622 (qui
1178 589 1258 622 post
1285 591 1424 612 nomum
1449 583 1643 613 absolutum
1671 583 1875 614 decantandi
1899 586 2026 622 essent)

254 644 361 674 nudus
385 642 525 673 ntusscas
548 641 841 682 csrcungfundsrcl.

401 697 437 727 Id
474 706 556 727 vero
581 696 781 735 Terpander
816 704 875 724 cur
898 693 1025 724 fecerit.
1061 690 1277 721 manifestum
1314 698 1373 720 est.
1429 690 1613 721 Modorum
1647 691 1705 722 illo
1734 697 1900 723 concentu
1923 694 2025 724 ambo

253 752 410 786 carmina,
433 760 553 781 nomus
576 758 609 780 et
633 760 720 789 quae
743 758 880 779 nomum
905 746 1109 786 excipiebat,
1145 745 1333 784 rhapsodia
1348 743 1542 779 Homerica,
1576 745 1623 775 ita
1660 745 1748 776 inter
1781 756 1818 777 se
1841 747 2026 787 coniunge—

253 807 384 839 bantur‚
421 811 457 835 ut
480 814 541 844 per
572 805 638 834 duo
664 812 811 842 corpora
833 811 900 831 una
923 799 1019 840 quasi
1044 799 1157 829 anima
1182 798 1337 838 spiraret.
1392 797 1511 828 Poetis
1533 807 1617 828 vero
1639 806 1769 829 arctum
1792 801 1881 831 hunc
1903 801 2027 841 prioris

254 869 328 890 cum
355 859 462 889 altero
487 858 634 889 carmine
657 865 825 887 conexum
849 855 942 886 cordi
965 854 1080 888 fuisse,
1104 853 1178 893 ipse
1195 852 1398 883 Plutarchus
1421 851 1558 886 indicat,
1583 853 1639 892 qui
1661 860 1741 893 post
1763 843 1900 885 nomum
1923 856 2024 886 abso-

252 914 356 943 lutum
373 919 509 943 veteres
526 912 600 941 illos
617 910 836 941 citharoedos
857 909 949 938 nulla
972 917 1069 938 mora
1085 906 1289 946 interposita
1313 906 1356 937 ad
1370 907 1558 937 Homerum
1575 907 1631 936 vel
1647 906 1750 937 alium
1774 908 1892 948 epicae
1908 909 2026 949 poesis

252 974 426 997 auctorem
449 974 657 1005 properasse
681 963 775 999 dicit;
799 963 887 993 Plut.
912 963 955 992 de
976 961 1063 992 Mus.
1087 962 1106 992 6
1128 971 1161 1001 p.
1185 961 1203 991 9
1226 960 1380 991 Volkm.:
1416 961 1452 992 τὸ
1475 961 1536 999 γὰρ
1560 962 1642 1000 πρὸς
1665 962 1742 999 τοὺς
1765 963 1859 1000 θεοὺς
1883 962 2025 1001 ἀφοσιω-

251 1020 383 1058 σάμενοι
406 1021 566 1058 ἐξέβαινον
590 1019 684 1056 εὐθὺς
706 1018 756 1049 ἐπὶ
774 1018 830 1055 τὴν
853 1017 991 1055 Ὁμήρου
1026 1016 1076 1047 καὶ
1109 1017 1173 1046 τῶν
1207 1015 1312 1046 ἄλλων
1334 1015 1471 1053 ποίησιν.
1501 1016 1600 1052 δῆλον
1624 1016 1659 1046 δὲ
1687 1015 1773 1046 τοῦτ’
1797 1015 1865 1047 ἔστι
1886 1016 1938 1047 διὰ
1959 1018 2025 1048 τῶν

250 1074 453 1112 Τερπάνδρου
476 1073 665 1112 Προοιμίων.
704 1071 767 1102 His
789 1071 974 1111 postremis
997 1070 1113 1100 verbis
1135 1079 1256 1100 vocem
1280 1069 1437 1108 Προοίμια
1459 1069 1596 1109 integra
1618 1069 1778 1103 carmina,
1801 1079 1932 1107 nomos,
1955 1075 2024 1101 non

251 1128 417 1167 primores
440 1132 570 1156 tantum
595 1126 778 1156 nomorum‘
808 1130 926 1164 partes
961 1123 1164 1164 significare,
1199 1122 1416 1153 manifestum
1441 1129 1501 1154 est.
1550 1123 1583 1154 Is
1607 1123 1679 1154 eius
1701 1123 1797 1153 vocis
1819 1133 1901 1154 usus
1922 1131 2026 1155 notus

252 1191 295 1212 ex
312 1181 512 1220 Thucydide
536 1181 564 1215 3,
591 1181 657 1210 104.
691 1179 756 1209 His
779 1178 982 1209 testimoniis
1005 1177 1168 1217 inspectis
1191 1177 1330 1207 dubium
1354 1186 1430 1208 esse
1453 1187 1520 1207 non
1543 1183 1669 1216 potest,
1693 1187 1854 1217 magnam
1871 1177 2023 1218 Terpan-

251 1235 302 1265 dri
325 1244 504 1265 nomorum
527 1241 659 1273 partem
682 1233 904 1264 Hexametris
928 1232 1131 1263 constitisse.
1176 1231 1250 1261 Viri
1273 1231 1377 1271 igitur
1401 1231 1534 1272 egregii
1557 1231 1773 1272 Bernhardyi
1796 1232 1828 1262 in
1851 1232 1939 1263 Hist.
1961 1233 2025 1263 litt.

250 1287 308 1319 Gr.
331 1288 372 1323 ΙΙ,
400 1288 430 1318 l3
465 1288 569 1327 (186ῖῖ
602 1297 683 1327 pag.
706 1287 767 1318 603
791 1287 916 1327 opinio,
951 1296 1028 1316 raro
1064 1291 1098 1316 et
1127 1286 1209 1316 nulli
1240 1292 1355 1316 certae
1387 1294 1529 1315 normae
1563 1285 1763 1315 adstrictum
1785 1285 2023 1326 Terpandrum

250 1343 472 1373 hexametros
495 1341 740 1381 composuisse,
763 1350 839 1371 cum
861 1346 1039 1371 auctorum
1062 1340 1265 1370 testimoniis
1287 1340 1380 1370 haud
1404 1340 1487 1370 satis
1511 1339 1677 1379 congruit.
1733 1339 1806 1369 Iam
1829 1339 1856 1369 si
1879 1349 2025 1379 quaera—

250 1402 314 1430 tur,
338 1396 470 1426 cuinam
493 1395 718 1434 potissumum
749 1404 927 1425 nomorum
950 1394 1041 1434 parti
1071 1394 1294 1424 hexametros
1318 1393 1518 1434 Terpander
1553 1392 1741 1431 destinarit,
1775 1393 1970 1424 coniectura
1991 1394 2025 1424 in

249 1457 410 1490 promptu
435 1456 496 1489 est,
531 1449 728 1489 omphalum
750 1449 803 1479 his
825 1449 974 1479 numeris
1005 1455 1128 1478 natura
1160 1458 1222 1478 sua
1243 1458 1404 1479 maxume
1427 1456 1545 1488 aptum
1570 1447 1685 1478 fuisse.
1741 1447 1779 1478 In
1811 1448 1916 1478 archa
1950 1447 2025 1478 aliis

247 1504 414 1544 rhythmis
437 1504 673 1543 Terpandrum
696 1513 793 1534 usum
818 1513 904 1537 esse,
939 1503 1117 1533 clarissimi
1150 1501 1336 1542 fragmenti
1358 1502 1515 1533 versibus
1539 1507 1683 1539 constat,
1717 1501 1750 1532 in
1785 1501 1908 1541 quibus
1941 1501 2023 1540 ἀρχὰ

248 1558 450 1589 vocabulum
473 1558 526 1588 bis
549 1564 748 1597 usurpatum
772 1564 833 1595 est,
860 1558 966 1588 semel
989 1568 1091 1589 sensu
1116 1558 1284 1588 communi
1310 1564 1344 1589 et
1359 1558 1588 1598 generaliore,
1614 1557 1738 1588 deinde
1763 1557 1820 1592 ita,
1843 1563 1880 1587 ut
1902 1563 2024 1597 aperte

248 1613 339 1643 nomi
362 1612 419 1642 illa
441 1622 522 1652 pars
545 1622 606 1642 suo
626 1612 684 1642 illo
706 1612 842 1643 nomine
866 1613 1022 1642 sollemni
1045 1620 1079 1643 et
1101 1612 1227 1643 usitato
1250 1618 1476 1652 nuncupetur3
1510 1611 1667 1642 Clemens
1688 1610 1792 1643 Alex.
1815 1609 1940 1644 Strom.
1962 1611 2023 1647 VI,

249 1668 283 1697 ll
308 1667 327 1705 ξ
350 1667 402 1698 88:
440 1666 503 1697 Ζεῦ
538 1666 666 1697 πάντων
705 1666 794 1705 ἀρχὰ,
829 1667 957 1698 πάντων
988 1667 1124 1705 ἁγήτωρ,
1146 1666 1158 1706 Η
1180 1666 1253 1704 Ζεῦ,
1283 1667 1336 1698 σοὶ
1358 1667 1471 1704 πέμπω
1503 1666 1646 1704 (σπένδω
1683 1664 1868 1705 Bergkius)
1903 1665 2024 1697 ταύταν

245 1721 353 1759 ὕμνων
376 1720 485 1759 ἀρχάν.

249 1886 297 1916 23.
341 1885 379 1916 In
411 1893 544 1925 septem
569 1885 790 1916 sollemnibus
811 1885 913 1916 Nomi
936 1885 1159 1926 Terpandrici
1181 1887 1338 1927 partibus
1360 1884 1620 1917 ·‘Pr00emium”
1643 1895 1710 1916 non
1733 1885 1885 1916 inveniri.
1937 1884 2022 1916 Cum

394 1940 460 1970 hac
482 1950 518 1970 re
541 1947 681 1979 pugnat,
705 1941 797 1980 quod
818 1951 836 1971 e
860 1950 1039 1971 nomorum
1061 1941 1247 1981 prooemiis
1269 1940 1464 1981 fragmenta
1486 1949 1652 1980 expresse
1678 1938 1875 1970 afferuntur.

727 1993 824 2024 Haec
847 1994 1078 2033 discrepantia
1102 1995 1273 2034 quomodo
1297 1995 1464 2025 solvenda
1487 1993 1538 2024 sit.

392 2083 638 2114 Accedendum
660 2094 749 2114 nune
772 2090 825 2114 est
848 2084 893 2114 ad
916 2083 1148 2115 difficillimam
1170 2084 1419 2124 quaestionem,
1443 2092 1531 2123 quae
1555 2083 1599 2113 ad
1623 2082 1824 2113 divisionem
1848 2088 1882 2113 et
1907 2082 2022 2123 dispo-

244 2140 401 2171 sitionem
424 2140 515 2170 nomi
539 2139 764 2179 Terpandrici
787 2145 880 2170 recte
904 2138 1132 2169 definiendam
1154 2138 1333 2178 permagni
1354 2137 1519 2168 momenti
1542 2142 1609 2167 est:
1643 2136 1806 2167 Fueritne
1835 2136 2022 2168 carminum

245 2195 555 2235 Terpandricorum
579 2200 776 2233 separatum
800 2195 843 2223 ab
866 2193 984 2224 Archa
1006 2191 1228 2224 Prooemium.
1273 2193 1399 2224 Pollux
1420 2194 1496 2224 loco
1520 2192 1578 2222 illo
1602 2191 1874 2222 celebratissimo
1898 2189 1958 2230 IV,
1981 2190 2022 2221 66

247 2250 288 2280 de
311 2249 465 2289 partibus
486 2249 578 2279 nomi
601 2248 824 2288 Terpandrici
847 2247 1017 2279 Prooemii
1041 2248 1247 2279 mentionem
1270 2248 1362 2277 nullo
1385 2248 1492 2277 verbo
1521 2245 1618 2284 facit3
1651 2245 1754 2276 immo
1778 2244 1928 2284 partium
1948 2244 2020 2274 ina-

244 2313 317 2333 rum
341 2309 472 2342 septem
495 2302 643 2340 nomina,
678 2312 766 2342 quae
800 2302 913 2333 omnia
945 2304 989 2333 ab
1024 2313 1064 2333 eo
1099 2308 1348 2337 enumerantur,
1383 2311 1458 2332 cum
1489 2306 1543 2331 tot
1567 2310 1644 2331 esse
1668 2306 1828 2339 oporteat
1849 2299 1941 2339 (μέρη
1965 2324 1972 2331 .
1990 2323 2020 2329 ..
