2140 3026
1099 164 1143 194 VI

241 265 442 297 <ementium
486 272 562 292 nam
599 263 663 290 hoc
698 269 833 298 quoque
859 256 1035 287 artificium
1070 262 1121 284 est
1144 254 1380 283 nonnullorum
1406 252 1602 287 carminum,
1640 258 1675 282 ut
1703 262 1768 282 una
1791 252 1961 291 quaedam
1987 257 2019 280 et

236 319 391 349 continua
417 326 547 345 summa
573 313 741 343 sententia
767 322 828 351 per
865 310 957 340 varia
995 306 1151 339 carminis
1175 307 1329 337 membra
1364 305 1612 344 pedetemptim
1636 305 1891 344 progrediendo
1916 311 2018 342 atque

234 373 324 401 aliud
350 381 391 399 nx
418 370 484 399 alio
508 368 675 397 eliciendo
700 366 900 404 explicetur.

235 538 262 564 4.
309 532 474 563 (farminisv
499 532 597 571 Pyth.
623 530 705 560 VIII
727 539 858 558 summa
883 526 1059 557 sententia.
1086 542 1116 546 -
1146 523 1213 553 Cur
1238 523 1270 552 in
1295 522 1467 561 Omphalo
1491 522 1662 552 Pindarus
1696 532 1759 562 pro
1782 523 1886 553 heroe
1911 520 2018 559 Aegi-

684 583 797 613 netico
823 581 1033 613 Thebanum,
1057 577 1317 616 Amphiaraum,
1343 576 1566 606 substituerit.

383 688 477 718 Ilaec
503 687 609 716 multo
646 685 748 714 etiam
784 682 908 713 clarius
941 680 1168 720 adparebunt,
1203 679 1231 709 si
1260 688 1347 709 nunc
1369 689 1537 709 summum
1562 679 1653 709 illud
1666 682 1890 720 pracceptum,
1925 679 2017 718 quod

234 754 295 783 per
320 750 428 772 totum
453 750 587 771 carmen
612 738 711 778 Pyth.
743 736 834 775 VIII⁷
870 742 1031 773 tanquam
1057 733 1170 762 anima
1191 742 1254 771 per
1278 742 1404 772 corpus
1427 742 1534 772 suum,
1571 742 1727 772 sparsum
1751 741 1813 769 est,
1842 734 1943 773 quale
1967 732 2018 766 sit,

233 796 425 827 accuratius
450 793 688 824 definierimus.
744 791 805 820 Est
839 794 953 819 autem
987 789 1063 817 hoc.
1116 786 1262 816 lelzzzn
1296 788 1344 816 est
1367 785 1547 826 proprium
1571 785 1743 816 hominum
1768 786 1887 820 robur:
1924 795 2019 816 omne

232 850 332 879 robur
356 850 506 878 nostrum
530 847 611 876 dms
632 847 688 874 csf.
731 845 785 873 Ac
809 846 952 882 primum
977 841 1112 871 omnino
1135 840 1230 871 furor
1254 846 1315 876 est,
1351 840 1421 870 suis
1445 839 1576 869 viribus
1596 838 1721 870 fretum
1745 841 1911 871 adversus
1934 841 2020 871 deos

231 904 342 936 coniti.
368 902 459 942 quod
483 901 668 939 Gigantum
694 897 854 936 exemplo
880 897 1134 926 demonstratur
1157 897 1200 932 (v.
1225 896 1348 932 8—18).
1384 893 1575 934 Egregium
1599 899 1718 924 contra
1734 893 1860 932 pIgnus
1883 895 2020 924 roboris

232 958 333 988 divini
358 955 552 985 hominibus
577 952 749 983 commissi
772 952 837 981 hoc
862 957 923 985 est,
949 959 1023 980 cum
1050 949 1081 979 in
1106 949 1250 989 familiis,
1274 949 1388 988 prisca
1410 948 1591 979 nobilitate
1617 953 1650 978 et
1666 947 1794 977 virtute
1818 947 2018 986 insignibus,

233 1013 276 1041 ab
301 1011 374 1040 avis
398 1015 430 1039 et
455 1008 565 1038 atavis
591 1008 634 1036 ad
659 1012 804 1045 nepotes
824 1005 977 1044 ingenita
1000 1003 1167 1033 fortitudo
1188 1008 1413 1043 propagatur.
1475 1002 1552 1032 Hoc
1575 1002 1607 1031 in
1631 1001 1794 1040 omphalo
1815 1011 1891 1031 cum
1913 1001 2020 1040 ipsius

230 1062 461 1095 Aristomenis
485 1061 592 1100 pueri,
617 1066 687 1090 tum
711 1059 864 1098 inprimis
887 1057 1121 1092 Alcmaeonis‚
1145 1057 1349 1096 Amphiarai
1371 1056 1441 1096 filii,
1466 1057 1628 1096 exemplo
1652 1056 1843 1086 illustratur
1867 1057 1912 1091 (v.
1936 1055 2018 1086 35—

230 1120 292 1156 56).
341 1118 412 1147 Iam
436 1117 524 1146 hunc
548 1115 578 1144 in
604 1115 742 1144 modum
765 1113 936 1153 pergitur:
973 1112 1060 1143 Sunt
1093 1112 1150 1151 qui
1174 1111 1297 1150 dicant,
1320 1110 1518 1141 felicitatem
1553 1117 1587 1141 et
1620 1111 1812 1149 triumphos
1847 1109 2020 1139 hominum

231 1174 380 1213 ipsorum
406 1171 541 1202 astutia,
578 1168 752 1201 machinis,
786 1167 971 1207 negotiosa
1005 1166 1190 1196 sedulitate
1222 1165 1336 1205 parari
1361 1168 1407 1201 (v.
1431 1165 1578 1202 73—75).
1632 1164 1706 1194 Nae
1741 1165 1771 1194 ei
1806 1173 2020 1203 magnopere

228 1227 304 1257 falsi
326 1232 411 1256 sunt.
453 1224 548 1254 Deus
572 1233 635 1262 pro
659 1222 800 1252 arbitrio
827 1231 888 1251 suo
912 1221 966 1251 vel
982 1230 1045 1260 pro
1063 1219 1282 1250 inenarrabili
1306 1219 1372 1255 illa,
1398 1228 1466 1257 qua
1482 1219 1599 1258 pollet,
1622 1218 1790 1257 sapientia
1807 1224 1866 1248 aut
1886 1227 2017 1247 sursum

228 1281 381 1311 homines
406 1279 497 1308 tollit
519 1282 576 1307 aut
601 1278 761 1307 deorsum
786 1276 891 1306 trudit
917 1276 960 1313 (v.
985 1274 1132 1312 76—77).
1187 1272 1311 1303 Omnia
1343 1273 1492 1302 humana
1516 1271 1658 1310 infirma,
1688 1271 1834 1307 fallacia,
1870 1271 2018 1311 fragilia.

227 1333 435 1365 Brevissimo
464 1339 620 1370 tempore
642 1332 812 1360 humanae
835 1329 1009 1360 felicitatis
1034 1327 1099 1358 flos
1122 1327 1327 1366 decerpitur,
1352 1327 1522 1357 decutitur
1546 1328 1591 1363 (v.
1609 1326 1756 1364 88—96).
1795 1324 1865 1356 Sed
1887 1336 1930 1356 ne
1952 1326 2020 1356 hoc

227 1389 364 1428 quidem
390 1387 460 1416 tale
486 1391 547 1421 est,
572 1391 607 1415 ut
631 1384 721 1415 omni
745 1383 869 1414 solatio
890 1389 1015 1413 careat.
1060 1382 1148 1412 Nam
1172 1382 1252 1411 licet
1275 1381 1356 1411 nihil
1379 1381 1412 1411 in
1436 1382 1540 1411 rebus
1563 1380 1721 1410 humanis
1743 1379 1876 1410 firmum
1901 1386 1934 1410 et
1951 1385 2018 1410 sta-

225 1443 294 1472 bile
319 1441 370 1476 sit,
414 1440 468 1470 dei
503 1449 620 1469 amore
650 1438 824 1478 provisum
858 1444 920 1475 est,
952 1443 987 1467 ut
1012 1446 1073 1466 suo
1098 1442 1258 1475 tempore
1285 1435 1514 1474 necopinatae
1538 1434 1691 1465 laetitiae
1723 1440 1885 1473 tanquam
1917 1433 1977 1463 lux
2000 1444 2020 1464 e

224 1495 375 1527 tenebris
399 1493 587 1533 effulgeant
610 1494 653 1531 (v.
678 1492 824 1530 96—97).

326 1550 364 1579 In
388 1549 452 1578 hac
475 1547 708 1587 cogitatorum
733 1546 820 1577 serie
844 1546 1043 1585 omphalum
1069 1546 1114 1584 (v.
1139 1545 1277 1581 35-56)
1299 1553 1368 1573 non
1393 1549 1496 1582 caput
1520 1553 1606 1577 esse,
1630 1543 1691 1573 sed
1718 1552 1820 1572 unum
1844 1543 2018 1582 quoddam

227 1604 282 1634 vel
308 1613 351 1634 ex
375 1601 563 1632 humilioris
587 1600 690 1631 officii
714 1600 886 1635 membris,
911 1600 1071 1630 universo
1096 1598 1205 1629 ordini
1227 1599 1427 1634 subiectum,
1462 1597 1538 1637 quis
1561 1607 1628 1627 non
1656 1597 1855 1636 intellegat?
1901 1596 2020 1635 Atque

225 1659 290 1688 hoc
314 1658 423 1696 ipsum
447 1656 529 1685 illud
554 1662 615 1691 est,
637 1656 729 1694 quod
752 1654 982 1694 Aegineticae
1007 1653 1229 1693 epiniciorum
1254 1652 1317 1682 arti
1335 1661 1440 1690 supra
1464 1651 1613 1681 diximus
1636 1650 1811 1690 proprium
1835 1656 1869 1681 et
1891 1651 2016 1689 peculi—

227 1722 284 1741 are
308 1710 426 1740 videri.
470 1710 586 1748 Atque
609 1710 688 1739 huic
710 1714 851 1739 nostrae
877 1709 919 1738 de
947 1708 1155 1747 Aeginetico
1181 1707 1279 1737 huius
1302 1706 1461 1737 carminis
1485 1706 1563 1735 stilo
1587 1705 1778 1735 sententiae
1805 1705 1941 1734 minime
1965 1714 2020 1734 res

226 1766 396 1805 quaedam
423 1765 549 1798 obstat,
573 1774 661 1803 quae
685 1763 794 1802 primo
821 1764 988 1802 adspectu
1013 1762 1130 1801 magni
1153 1761 1316 1791 momenti
1341 1767 1374 1791 et
1398 1759 1482 1790 satis
1509 1759 1628 1799 gravis
1649 1759 1757 1789 videri
1787 1760 1911 1798 possit:
1941 1759 2018 1789 Pin-

226 1819 345 1848 darum
371 1819 404 1848 in
432 1818 583 1856 omphali
614 1817 731 1846 fabula
767 1817 928 1856 eligenda
950 1827 969 1846 a
994 1815 1150 1846 sollemni
1174 1815 1233 1844 illo
1259 1821 1292 1845 et
1318 1818 1521 1844 consecrato
1555 1813 1652 1852 quasi
1686 1823 1781 1843 more
1817 1814 2017 1844 recessisse:

224 1883 285 1912 pro
322 1872 554 1902 Aeacidarum
592 1871 708 1902 fabula
747 1872 880 1910 aliqua,
923 1872 1060 1910 qualem
1099 1880 1180 1900 usus
1213 1869 1467 1908 Aeginetarum
1504 1867 1702 1907 requirebat
1741 1866 1836 1904 (Isth.
1873 1867 1921 1901 V,
1955 1867 2019 1906 20),

223 1926 428 1966 Amphiarai
464 1926 660 1956 vaticinium
695 1925 869 1955 substituit
906 1935 950 1955 ex
983 1925 1220 1964 Epigonorum
1258 1923 1408 1953 carmine
1442 1928 1627 1961 sumptam3
1667 1920 1754 1952 conf.
1780 1921 2014 1953 welekerum.

227 1982 269 2011 de
295 1980 402 2020 Cyclo
427 1980 524 2019 epico
550 1980 590 2011 II.
615 1980 685 2010 331.
743 1979 813 2010 Sed
836 1980 922 2009 haec
958 1989 1046 2018 quae
1072 1979 1207 2009 videtur
1239 1988 1316 2008 esse
1339 1978 1456 2017 legum
1483 1976 1695 2015 contemptio
1719 1982 1753 2006 et
1778 1976 1960 2015 neglectio,
1985 1976 2017 2006 in

224 2037 291 2065 hoc
315 2034 474 2072 carmine,
498 2034 564 2063 illis
589 2034 803 2072 temporibus
827 2034 1032 2072 composito,
1057 2033 1198 2073 egregie
1224 2037 1416 2062 excusatur.
1458 2031 1627 2061 Pindarus
1662 2040 1743 2060 suae
1765 2030 1859 2060 urbis
1883 2029 2016 2068 patriae

226 2090 422 2119 Thebarum
448 2089 564 2118 herois
599 2089 831 2118 venerandam
860 2088 1045 2128 imaginem
1078 2098 1119 2118 eo
1157 2087 1299 2118 consilio
1323 2086 1476 2125 inseruit,
1511 2091 1548 2115 ut
1581 2085 1614 2115 in
1637 2084 1888 2124 Aeginetarum
1912 2085 2016 2114 rebus

225 2143 348 2183 dubiis,
373 2153 475 2182 quam
500 2149 595 2173 arcto
612 2142 782 2172 amicitiae
807 2149 840 2172 et
867 2143 1085 2182 cognationis
1108 2142 1243 2172 vinculo
1261 2141 1404 2171 Thebae
1421 2150 1496 2170 cum
1513 2139 1653 2179 Aegina
1670 2139 1876 2169 coniunctae
1893 2143 2018 2171 essent,

226 2197 444 2236 significaret.
500 2197 555 2226 De
580 2196 700 2226 Theba
738 2197 880 2227 heroina
914 2202 947 2227 et
971 2196 1112 2236 Aegina
1135 2197 1312 2226 sororibus
1340 2195 1532 2225 notissuma
1553 2204 1609 2224 res
1635 2200 1688 2223 est
1712 2202 1787 2223 cum
1814 2202 1859 2223 ex
1880 2191 2017 2222 Pindari

222 2252 307 2283 locis
327 2251 484 2290 plurimis
506 2250 573 2289 (Ol.
599 2251 658 2285 VI,
683 2252 735 2288 843
764 2252 876 2282 Isthm.
903 2251 980 2291 VII,
1008 2252 1068 2286 17),
1093 2256 1164 2281 tum
1189 2261 1233 2281 ex
1256 2249 1440 2280 Herodoto
1469 2247 1511 2283 V,
1534 2247 1581 2279 80.
1619 2247 1788 2277 Pindarus
1814 2247 1918 2285 igitur
1939 2255 2017 2286 gra-

223 2305 391 2335 tissimum
416 2315 452 2334 se
475 2304 643 2335 facturum
668 2305 850 2344 Aeginetis
874 2306 945 2335 iure
969 2315 1032 2335 suo
1057 2306 1217 2345 opinatus
1240 2310 1301 2340 est,
1337 2313 1412 2333 cum
1442 2303 1558 2333 herois
1597 2308 1630 2332 et
1652 2301 1740 2331 vatis
1772 2306 1806 2331 et
1840 2301 2019 2330 bellatoris
