2140 3026
1015 180 1051 208 13

142 271 189 302 De
220 275 287 302 arte
321 271 420 302 silvas
450 270 585 305 colendi,
619 269 738 307 tuendi,
774 274 921 309 recteque
958 270 1149 300 aestimandi
1180 274 1275 310 terp.
1301 270 1329 301 h.
1355 276 1427 311 aget
1458 272 1682 304 SPRENGEL
1706 274 1751 304 rei
1777 274 1932 305 silvestris

227 325 416 364 praefectus.

141 378 359 409 Pomariorum
383 378 535 409 culturam
562 377 609 407 bis
633 386 660 416 p.
684 376 712 406 h.
736 376 863 407 docebit
889 377 1127 409 HERRMANN
1152 379 1182 409 in
1209 378 1369 410 hortorum
1394 380 1598 411 colendorum
1624 386 1691 412 arte
1720 382 1890 422 inspector.

142 433 190 463 De
214 436 296 463 terra
320 431 494 463 excolenda
520 431 615 462 semel
640 430 775 461 disseret
802 430 910 461 idem.

143 486 306 518 Chemiam
329 486 555 526 anorganicam
580 485 864 525 experimentalem
889 491 1000 525 quater
1023 490 1160 527 exponet
1186 487 1389 518 FREYTAG
1414 489 1466 519 Dr.
1491 494 1520 519 ct
1546 490 1624 529 prot'.

141 540 393 580 Technologiam
418 540 568 570 rusticam
594 539 644 570 bis
668 549 697 578 p.
723 539 749 569 h.
774 540 877 571 tradet
900 540 1009 571 idem.

139 594 392 626 Exercitationes
417 593 561 625 chemiae
587 593 769 633 analyticae
795 594 825 625 in
849 595 1044 626 laboratorio
1067 595 1282 627 instituendas
1306 595 1524 627 moderabitur
1549 597 1663 628 idem.

142 649 305 680 Chemiam
330 649 542 688 agriculturae
567 648 613 678 his
636 649 787 679 tractabit
811 649 1035 680 KREVSLER
1060 649 1113 679 Dr.
1137 653 1166 680 et
1192 650 1271 689 prof.

139 703 323 734 Plantarum
346 703 538 734 anatomiam
564 707 593 733 et
618 702 854 742 physiologiam
877 707 990 743 quater
1014 703 1118 734 tradet
1143 703 1395 735 KOERNIOKE
1420 705 1472 735 Dr.
1498 711 1527 736 et
1553 707 1632 746 pros.

139 758 391 789 Exercitationes
413 757 652 797 physiologicas
676 762 706 788 et
730 758 979 797 microscopicas
1003 758 1147 788 instituet
1172 758 1285 789 idem,

138 812 312 843 Historiam
337 813 512 843 naturalem
537 812 722 843 animalium
747 811 997 843 vertebratorum
1024 817 1070 842 ter
1093 822 1121 852 p.
1146 812 1173 844 h.
1204 813 1308 844 tradet
1330 813 1533 844 BERTKAV
1560 814 1610 844 Dr.
1636 819 1665 845 ct
1690 816 1769 855 prof.

139 866 186 897 De
210 853 414 906 generalibus
439 865 664 906 physiologiae
688 866 890 907 vegetativae
915 866 1040 906 legibus
1065 867 1114 897 bis
1137 866 1274 898 disseret
1299 867 1489 898 FINKLER
1515 868 1567 899 Dr.
1594 873 1622 899 et
1649 870 1726 909 prof.

138 920 393 952 Exercitationes
416 921 447 950 in
472 920 666 951 laboratorio
691 920 914 959 physiologico
937 921 986 951 bis
1011 920 1230 951 moderabitur
1253 921 1360 952 idem.

137 974 381 1014 Mineralogiam
404 975 450 1005 bis
478 985 506 1014 p.
532 974 559 1005 h.
587 978 724 1014 exponet
748 982 795 1005 DE
820 975 1016 1005 LAsAVLx
1045 975 1097 1005 Dr.
1123 979 1152 1006 et
1176 976 1253 1015 prof.

140 1029 396 1060 Exercitationes
420 1029 666 1068 minei-alogicas
692 1029 790 1059 semel
815 1029 959 1060 instituet
984 1029 1091 1060 idem.

139 1083 310 1123 Physicam
336 1082 621 1123 experimentalem
646 1083 695 1113 bis
719 1093 747 1122 p.
774 1083 801 1113 h.
827 1083 978 1114 tractabit
1003 1084 1216 1115 GIEsELER
1240 1085 1292 1115 Dr.
1315 1089 1343 1116 et
1368 1087 1446 1125 prof.

137 1137 392 1168 Exercitationes
416 1137 569 1177 physicas
591 1137 808 1168 moderabitur
833 1137 943 1168 idem.

136 1191 354 1223 Mechanicam
370 1191 650 1222 instrumentorum
668 1195 699 1222 et
716 1191 947 1230 machinarum,
968 1202 1049 1231 quae
1067 1192 1108 1223 ad
1125 1203 1190 1223 rem
1203 1194 1362 1233 agrariam
1380 1194 1550 1233 pertinent,
1568 1195 1664 1225 semel
1678 1195 1806 1226 docebit
1825 1196 1932 1227 idem.

137 1246 184 1276 De
207 1245 443 1277 constructione
469 1250 499 1276 et
523 1246 736 1276 calculatione
770 1256 912 1286 operum,
949 1247 1058 1286 qualia
1093 1248 1217 1278 cultura
1253 1247 1400 1279 technica
1435 1248 1496 1279 sibi
1531 1249 1691 1288 proponit,
1724 1249 1861 1280 disseret
1886 1250 1933 1281 bis

220 1310 249 1340 p.
274 1299 303 1330 h.
328 1299 438 1330 idem.

135 1354 300 1386 Elementa
324 1354 526 1385 mechanices
549 1359 580 1385 et
604 1355 807 1395 hydraulices
833 1355 880 1385 bis
903 1365 932 1394 p.
959 1355 986 1386 h.
1012 1355 1116 1387 tradet
1138 1355 1248 1387 idem.

134 1408 389 1440 Architecturam
413 1409 458 1439 rei
482 1410 620 1440 rusticae
645 1410 884 1441 accomodatam
911 1409 959 1441 bis
984 1420 1011 1450 p.
1038 1409 1065 1440 h.
1090 1409 1217 1441 docebit
1242 1410 1466 1441 HVPPERTZ
1491 1411 1690 1443 architectus.

135 1463 390 1495 Architecturam
415 1463 528 1494 vialem
553 1467 583 1494 et
606 1462 795 1495 fluviatilem
819 1467 867 1495 ter
891 1464 1068 1505 explicabit
1092 1464 1198 1495 idem.

134 1518 218 1548 Artis
243 1516 427 1548 deliueandi
451 1518 698 1548 exercitationes
723 1517 942 1549 moderabitur
966 1522 1079 1558 quater
1104 1518 1212 1550 idem.

135 1571 348 1603 Geometriam
373 1572 546 1612 practicam
566 1576 612 1602 ter
636 1576 775 1611 exponet
798 1572 913 1603 KOLL
938 1573 1101 1612 magister.

134 1626 242 1656 Artem
266 1625 420 1657 metiendi
445 1629 475 1656 et
499 1625 705 1666 computandi
727 1626 888 1667 triangula
913 1627 1103 1667 geodaetica
1128 1631 1242 1667 quater
1265 1628 1414 1659 tractabit
1438 1628 1544 1659 idem.

134 1680 389 1711 Exercitationes
413 1680 454 1711 ad
485 1681 564 1711 artis
598 1680 808 1720 geodacticae
843 1686 1016 1722 praecepta
1040 1681 1236 1718 delineandi,
1273 1683 1414 1713 rationes
1449 1682 1667 1722 computandi,
1702 1683 1856 1714 metiendi
1889 1684 1934 1714 in—

217 1735 324 1765 stituet
350 1734 460 1766 idem.

134 1787 349 1820 Geometriam
373 1789 568 1829 analyticam
593 1793 623 1820 et
647 1790 804 1830 Analysin
828 1790 1001 1829 quinquies
1026 1800 1055 1830 p.
1083 1790 1111 1820 h.
1132 1794 1271 1830 exponet
1295 1790 1532 1822 VELTMANN
1554 1791 1717 1832 magister.

133 1841 391 1874 Mathematicam
416 1844 641 1874 elementarem
666 1844 716 1874 bis
740 1843 843 1874 tradet
868 1844 978 1875 idem.

134 1896 349 1928 Geometriam
376 1897 606 1936 descriptivam
630 1902 659 1928 et
683 1902 783 1928 artem
806 1898 963 1929 rationum
989 1902 1100 1938 quater
1124 1909 1153 1938 p.
1179 1899 1208 1930 h.
1232 1898 1388 1930 edisseret
1413 1899 1520 1931 idem.

134 1950 360 1982 Oeconomiam
390 1952 552 1992 politicam
578 1952 646 1983 sive
670 1952 865 1983 nationalem
891 1956 939 1983 ter
962 1952 1138 1992 explicabit
1163 1952 1299 1984 NASSE
1324 1953 1389 1991 Dr„
1412 1954 1491 1993 prof.
1516 1958 1545 1985 et
1567 1955 1664 1994 Regis
1688 1955 1729 1985 ab
1756 1955 1875 1986 intimis
1902 1955 1933 1985 in

215 2005 493 2037 administratione
518 2006 674 2037 consiliis.

134 2059 187 2090 Ius
211 2060 369 2100 agrarium
401 2063 448 2091 ter
476 2064 614 2101 exponet
640 2060 962 2092 KLOsTERMANN
1000 2062 1064 2101 Dr„
1095 2062 1177 2102 prof.
1207 2066 1237 2093 et
1272 2062 1370 2102 Regis
1403 2063 1444 2093 ab
1480 2063 1600 2094 intimis
1637 2063 1669 2093 in
1704 2073 1737 2095 re
1771 2063 1933 2094 metallica

217 2113 369 2145 consiliis.

132 2167 275 2198 Piscium
298 2177 406 2198 curam
429 2169 527 2200 semel
550 2168 700 2199 tractabit
725 2176 832 2200 LIBER
855 2177 948 2200 BARO
972 2177 1020 2200 DE
1041 2169 1096 2200 LA
1121 2169 1320 2201 VALETTE
1346 2171 1408 2202 ST.
1433 2170 1607 2202 GEORGE
1633 2172 1686 2202 Dr.
1711 2176 1741 2203 et
1766 2172 1847 2211 prot‘.

131 2222 334 2253 Anatomiam
358 2226 388 2253 et
411 2222 649 2263 physiologiam
673 2223 862 2254 animalium
889 2223 1137 2255 domesticorum
1163 2224 1212 2255 bis
1236 2225 1422 2256 ennarrabit
1446 2224 1609 2256 SCHELL
1633 2226 1854 2256 veterinarius.

132 2275 180 2307 De
203 2276 321 2308 morbis
346 2277 463 2308 exteris
488 2277 674 2308 animalium
699 2277 944 2309 domesticorum
970 2278 1018 2308 bis
1042 2288 1070 2318 p.
1095 2278 1124 2309 h.
1147 2282 1221 2318 aget
1246 2279 1354 2310 idem.
