2140 3026
1018 138 1072 168 XI

151 234 186 260 et
210 229 365 260 instituta
388 229 519 259 Dorica
544 229 767 260 stabilierunt.
811 229 983 269 Locuples
1017 230 1116 260 huius
1146 229 1194 260 rei
1218 229 1409 259 Pausanias
1438 230 1536 260 testis
1567 237 1618 260 est
1642 230 1682 265 ΙΙ,
1709 233 1756 265 29,
1781 234 1814 262 5:
1834 235 1943 271 ¹uoipcz

150 278 301 322 Ἀργείων
332 285 396 315 τῶν
428 284 622 322 Ἐπίδαυρον
657 284 738 321 ὁμοῦ
773 284 942 324 Δηϊφόντῃ
978 284 1017 318 <is
1040 290 1141 314 vetus
1164 291 1218 314 est
1239 284 1505 323 Epidauriorum
1531 294 1605 317 rex,
1642 285 1742 316 Paus.
1769 286 1809 320 ΙΙ,
1834 287 1883 323 26,
1909 288 1942 325 2)

149 338 381 376 κατασχόντων
404 340 543 377 διαβᾶσα
567 339 602 376 ἐς
626 338 759 374 Αἴγιναν
795 339 846 368 καὶ
869 338 1048 376 Αἰγινήταις
1078 340 1145 376 τοῖς
1171 338 1315 376 ἀρχαίοις
1343 338 1511 375 γενόμενοι
1534 339 1688 370 σύνοικοι.
1725 341 1763 370 τὰ
1786 341 1943 379 Δωριέων

149 392 208 430 ἤθη
232 393 282 422 καὶ
306 393 417 430 φωνὴν
451 392 693 429 κατεστήσαντο
724 392 758 422 ἐν
791 395 828 431 τῇ
853 392 952 432 νήσῳ.
978 391 1018 422 cf.
1042 392 1170 422 Herod.
1195 391 1287 423 VIII.
1323 392 1372 422 46.
1426 391 1561 422 Nomen
1583 403 1722 432 quoque
1747 394 1852 429 ducis,
1885 395 1943 434 qui

150 446 306 477 coloniae
329 447 375 476 illi
399 445 557 486 praefuit,
582 446 743 476 traditur:
768 445 932 482 Triacon;
957 446 1071 477 schol.
1097 446 1192 476 Pind.
1217 446 1269 476 Ol.
1296 445 1388 479 VIII,
1412 446 1452 476 38
1474 456 1506 485 p.
1534 447 1606 477 194:
1643 448 1678 478 ἐν
1701 448 1828 486 τούτοις
1851 449 1941 486 Τριά-

148 511 214 531 κων
233 511 281 538 τις
302 500 444 538 Ἀργεῖος
463 500 621 537 συλλέξας
643 501 768 537 πλῆθος
792 494 945 537 Ἀργείων
1048 500 1093 538 εἰς
1115 501 1172 537 τὴν
1196 500 1324 536 Αἴγιναν
1353 499 1449 537 ἦλθεν
1473 501 1523 530 καὶ
1547 502 1733 540 κατῴκισεν,
1759 502 1805 531 ita
1829 503 1941 533 locum

149 560 244 585 recte
267 554 368 585 scribi
392 554 485 584 iubet
510 553 545 584 C.
569 553 610 584 O.
628 553 785 587 Mueller,
810 553 1017 593 Aeginetica
1041 564 1072 593 p.
1096 555 1144 585 43.
1168 553 1208 584 cf.
1233 554 1381 584 Tzetzen
1406 554 1450 583 ad
1475 554 1646 594 Lycophr.
1673 555 1730 586 176
1754 566 1785 595 p.
1810 558 1870 587 450
1887 558 1940 588 ed.

149 607 183 639 C.
198 607 238 639 G.
253 607 406 638 Mueller.
454 607 497 637 Et
530 608 616 637 haec
646 607 784 646 quidem
820 608 953 638 colonia
976 607 1242 647 Epidauriorum
1267 608 1476 648 Aeginetica
1502 619 1562 647 per
1585 610 1726 649 longum
1750 616 1886 650 tempus
1908 611 1941 641 in
1967 634 1972 639 .

147 661 348 702 metropolis
371 661 500 692 ditione
522 661 595 696 fuit,
629 661 725 691 cuius
759 661 807 691 rei
832 663 1073 692 documentum
1096 662 1339 702 gravissimum
1375 663 1439 692 hoc
1463 669 1524 697 est,
1562 665 1654 702 quod
1677 664 1874 704 Aeginetae
1907 666 1940 695 in

147 717 264 747 litibus
286 716 356 746 suis
379 716 461 746 iuris
485 715 594 746 civilis
615 715 842 746 diiudicandis
864 715 1075 755 Epidaurum
1100 716 1196 746 adire
1223 722 1256 746 et
1284 717 1377 756 apud
1400 717 1530 747 iudices
1554 717 1762 756 Epidaurios
1795 719 1869 749 iura
1907 727 1941 749 et

146 771 230 801 dare
255 775 289 800 et
311 769 469 809 accipere
486 776 752 805 consueverant;
776 769 905 800 Herod.
924 769 964 805 V,
989 771 1044 801 83:
1068 773 1185 801 τοῦτον
1208 770 1234 801 δ’
1260 771 1304 801 ἔτι
1328 771 1385 801 τὸν
1408 771 1526 809 χρόνον
1550 773 1655 810 [quod
1672 773 1715 802 de
1728 772 1938 813 Olympiade

145 824 211 855 LX
233 823 273 856 O.
297 824 486 855 Muellerus
520 824 717 854 acutissime
750 824 1006 863 interpretatur,
1042 824 1205 864 Aeginet.
1238 835 1269 864 p.
1293 825 1332 855 73
1366 824 1467 864 extr.)
1500 826 1551 856 καὶ
1585 826 1646 864 πρό
1685 829 1742 857 τοῦ
1777 827 1939 865 Αἰγινῆται

145 875 355 917 Ἐπιδαυρίων
375 879 504 917 ἤκουον,
527 878 566 909 τά
588 889 622 910 τε
647 878 728 909 ἄλλα
751 879 801 909 καὶ
824 879 914 916 δίκας
937 879 1158 917 διαβαίνοντες
1183 880 1216 917 ἐς
1240 874 1432 918 Ἐπίδαυρον
1450 880 1602 911 ἐδίδοσάν
1625 891 1659 912 τε
1684 881 1734 911 καὶ
1757 881 1939 920 ἐλάμβανον

144 933 219 972 παρ’
246 933 394 971 ἀλλήλων
418 933 447 964 οἱ
470 933 637 970 Αἰγινῆται.

295 987 486 1018 Dorienses
508 987 541 1016 in
564 986 704 1026 Aegina
727 987 929 1026 occupanda
963 987 1027 1017 etsi
1051 988 1259 1017 vetustiores
1293 988 1424 1018 incolas
1448 988 1673 1019 dominationi
1707 999 1790 1020 suae
1819 991 1938 1022 'subie-

147 1047 274 1077 ceram,
308 1047 422 1072 tamen
447 1041 596 1081 aliquam
631 1042 680 1072 eis
704 1042 737 1071 in
760 1042 864 1071 rebus
888 1041 1034 1081 publicis
1057 1048 1192 1081 partem
1220 1043 1311 1072 haud
1337 1042 1448 1077 dubie,
1483 1043 1605 1073 eadem
1633 1044 1777 1079 ratione,
1814 1055 1882 1084 qua
1905 1046 1937 1075 in

147 1096 222 1127 aliis
246 1096 442 1126 civitatibus
465 1095 565 1125 Dorii
589 1096 784 1130 utebantur,
819 1102 1073 1126 concesserant.
1128 1095 1245 1135 Quare
1275 1102 1415 1136 praeter
1438 1097 1588 1128 Doricas
1611 1098 1719 1128 tribus
1742 1100 1939 1135 sollemnes,

145 1150 340 1190 Hleenses,
365 1150 589 1190 Pamphylos⁷
613 1150 803 1190 Dymanes,
827 1156 985 1190 quartam
1010 1150 1127 1186 fuisse,
1149 1161 1238 1190 quae
1261 1151 1489 1191 antiquiorem
1506 1153 1670 1192 populum
1689 1155 1936 1193 complectere-

146 1210 210 1241 tur,
237 1206 422 1235 admodum
446 1205 630 1244 probabile
656 1211 716 1236 est.
771 1204 904 1235 Eodem
938 1207 1040 1235 modo
1065 1207 1156 1245 apud
1182 1205 1362 1246 Sicyonios
1386 1212 1510 1245 quarta
1533 1207 1641 1237 tribus
1664 1207 1726 1237 fuit
1748 1209 1937 1248 Aegialen-

143 1260 240 1300 sium,
262 1259 393 1290 Herod.
416 1259 458 1294 V,
481 1259 534 1289 68:
559 1259 734 1297 μετέβαλον
757 1259 790 1297 ἐς
814 1260 890 1297 τοὺς
912 1259 1045 1298 Ὑλλέας
1080 1261 1130 1291 καὶ
1152 1261 1356 1299 Παμφύλους
1379 1262 1430 1292 καὶ
1453 1262 1661 1300 Δυμανάτας,
1696 1263 1869 1302 τετάρτους
1901 1265 1936 1295 δὲ

142 1314 268 1345 αὐτοῖσι
291 1314 492 1352 προσέθεντο
595 1313 771 1351 Αἰγιαλέας.
827 1313 934 1353 Apud
966 1314 1138 1344 Phliasios
1170 1321 1316 1354 quartae
1350 1316 1454 1346 tribui
1484 1326 1610 1346 nomen
1644 1316 1936 1357 Chthonophylae

140 1368 247 1399 fuisse
269 1369 415 1398 videtur.
462 1367 732 1408 Chthonophyla
755 1378 844 1398 uxor
869 1374 921 1398 est
944 1368 1122 1408 Phliantis,
1146 1369 1274 1400 Bacchi
1296 1369 1364 1405 filii,
1400 1371 1624 1401 vetustissimi
1646 1373 1739 1411 apud
1763 1372 1936 1402 Phliasios

139 1423 249 1463 regis;
271 1423 373 1453 Paus.
398 1422 440 1458 II,
468 1423 513 1458 12,
535 1423 569 1453 6:
602 1425 659 1454 τοῦ
684 1424 718 1454 δὲ
741 1423 901 1461 Φλίαντος
925 1418 1133 1461 Ἀραιθυρέαν
1157 1423 1236 1455 εἶναι
1259 1425 1380 1462 μητέρα
1404 1451 1432 1455 ..
1453 1451 1458 1455 .
1482 1426 1695 1464 Χθονοφύλην
1719 1427 1753 1457 δέ
1776 1427 1805 1457 οἱ
1828 1434 1935 1458 συνοι-

138 1479 242 1518 κῆσαι,
277 1477 329 1508 καὶ
364 1472 586 1515 Ἀνδροδάμαν
619 1478 770 1514 γενέσθαι
806 1477 937 1508 Φλίαντι
971 1478 1003 1508 ἐξ
1038 1477 1146 1516 αὐτῆς.
1194 1479 1301 1518 Apud
1326 1478 1441 1510 Schol.
1470 1480 1515 1509 ad
1541 1479 1659 1519 Apoll.
1682 1480 1798 1511 Rhod.
1823 1482 1849 1516 1,
1877 1483 1935 1512 115

139 1531 258 1562 Phlius
280 1530 368 1561 filius
393 1537 446 1562 est
468 1531 597 1562 Bacchi
621 1537 655 1561 et
678 1531 976 1572 Chthonophylae.
1032 1532 1132 1562 Hanc
1165 1533 1344 1563 heroinam
1380 1543 1424 1563 ex
1458 1534 1535 1573 ipso
1565 1542 1721 1565 veterum
1744 1535 1934 1566 incolarum

138 1586 276 1617 nomine
299 1585 415 1617 fictam
444 1596 531 1621 esse,
566 1586 746 1626 ingeniose
781 1586 908 1617 conicit
938 1585 978 1617 O.
1002 1586 1200 1623 Muellerus,
1236 1587 1426 1619 Dorienses
1449 1589 1504 1629 ΠΖ,
1528 1590 1578 1625 54,
1600 1596 1670 1621 not.
1695 1592 1726 1627 ὃς
1762 1591 1796 1621 id
1822 1592 1933 1630 ipsum

137 1640 227 1671 enim
250 1650 374 1671 nomen
398 1646 545 1680 quartae
576 1640 679 1670 tribui
711 1640 826 1672 fuisse.
882 1641 990 1680 Apud
1012 1640 1163 1681 Argivos
1192 1652 1332 1682 quoque
1366 1643 1462 1673 iuxta
1486 1643 1635 1674 Doricas
1667 1643 1778 1674 fribus
1811 1648 1934 1685 quarta

137 1694 199 1725 fuit
221 1705 242 1725 a
262 1700 383 1726 vetere
406 1695 556 1734 quadam
581 1695 732 1729 heroina,
756 1694 950 1734 Hyrnetho,
986 1695 1129 1726 Temeni
1151 1695 1230 1732 filia,
1262 1697 1444 1728 nominata.
1503 1696 1622 1737 Steph.
1656 1698 1739 1738 Byz.
1764 1709 1789 1730 s.
1814 1709 1843 1730 v.
1868 1701 1933 1731 Δυ-

135 1751 249 1788 μᾶνες·
273 1750 358 1788 φυλὴ
382 1749 546 1788 Δωριέων.
569 1748 654 1787 ἦσαν
682 1750 717 1780 δὲ
741 1751 836 1788 τρεῖς,
861 1750 987 1787 Ὑλλεῑς
1019 1750 1071 1781 καὶ
1092 1750 1267 1789 Πάμφυλοι
1302 1752 1353 1782 καὶ
1375 1752 1528 1790 Δυμᾶνες
1630 1753 1681 1783 καὶ
1703 1754 1884 1792 προσετέθη
1910 1756 1928 1792 ἡ

133 1801 296 1843 Ὑρνηθία.
340 1803 466 1834 Mirum
488 1803 598 1834 videri
621 1804 742 1843 possit,
767 1805 862 1844 quod
885 1804 1081 1844 Hyrnetho,
1106 1814 1195 1844 quae
1217 1805 1459 1845 indigenarum
1482 1806 1627 1837 heroina
1650 1817 1842 1847 eponymus
1867 1814 1930 1842 est,

136 1857 279 1889 Temeni
300 1857 371 1888 filia
392 1863 552 1894 vocatur;
587 1868 654 1897 qua
685 1859 728 1888 de
751 1868 788 1888 re
812 1858 972 1889 conferas
994 1859 1176 1889 Nicolaum
1199 1859 1362 1890 Damasc.
1396 1860 1429 1890 in
1455 1860 1483 1890 F
1486 1870 1594 1900 ragm.
1618 1860 1707 1892 Hist.
1729 1861 1853 1893 Graec.
1878 1863 1930 1892 ed.

134 1911 280 1943 Mueller
302 1913 369 1944 vol.
392 1912 443 1942 III
475 1922 506 1951 p.
529 1912 607 1952 3763
645 1912 745 1943 Paus.
769 1912 810 1952 11,
836 1913 883 1948 19,
910 1914 923 1943 l
951 1918 984 1943 et
1006 1912 1047 1947 II,
1072 1914 1120 1949 28,
1149 1914 1240 1945 3—6.
1285 1914 1416 1944 Verum
1444 1914 1690 1954 antiquissimis
1715 1917 1931 1956 temporibus

133 1966 324 1997 Dorienses
345 1977 414 1997 non
436 1965 553 1997 statim
575 1966 805 2006 principatum
827 1972 1021 2007 tenuerunt,
1045 1969 1106 1998 sed
1129 1978 1206 1999 cum
1229 1969 1476 1999 vetustioribus
1492 1968 1613 1999 incolis
1637 1979 1748 2009 aequo
1767 1970 1840 2001 fere
1856 1971 1929 2001 iure

134 2027 240 2052 erant.
281 2021 360 2052 Hoc
381 2021 493 2061 ipsum
516 2031 678 2051 maxume
702 2026 736 2052 et
756 2021 1036 2053 luculentissume
1059 2022 1118 2052 illa
1140 2032 1178 2053 re
1199 2022 1411 2061 exprimitur,
1436 2023 1530 2062 quod
1556 2022 1740 2063 Hyrnetho
1764 2034 1833 2054 non
1857 2031 1930 2055 tan—

133 2081 205 2106 tum
220 2074 291 2106 filia
307 2080 360 2106 est
374 2075 518 2106 Temeni
533 2075 566 2105 in
583 2075 709 2106 fabulis
723 2075 940 2115 Argivorum
964 2082 998 2108 et
1011 2077 1276 2116 Epidauriorum
1293 2078 1502 2113 domesticis,
1527 2079 1589 2109 sed
1613 2079 1707 2118 quod
1731 2089 1808 2109 eam
1825 2079 1929 2109 etiam

134 2129 278 2169 eiusque
298 2129 457 2160 maritum
472 2129 711 2169 Deiphontem
726 2131 803 2169 plus
819 2131 993 2162 Temenus
1017 2131 1138 2171 diligit,
1163 2141 1267 2171 quam
1290 2131 1380 2162 filios
1396 2143 1594 2172 germanos,
1619 2142 1765 2172 quorum
1789 2134 1930 2173 ingenia

132 2189 169 2214 ut
192 2183 333 2219 atrocia,
368 2184 562 2219 insolentia,
596 2185 748 2224 superba
772 2185 1026 2219 describuntur:
1064 2186 1172 2216 Nicol.
1196 2186 1357 2217 Damaso.
1382 2197 1413 2226 p.
1438 2187 1516 2218 376:
1552 2188 1698 2226 στέργων
1727 2187 1785 2219 οὖν
1809 2188 1928 2226 ταύτην

131 2239 182 2269 καὶ
204 2238 262 2270 τὸν
281 2239 425 2278 γαμβρὸν
447 2239 529 2269 πολὺ
552 2240 675 2276 μᾶλλον
700 2239 718 2276 ἢ
742 2240 819 2277 τοὺς
838 2239 918 2278 υἱεῖς
944 2240 995 2270 καὶ
1016 2240 1062 2278 εἰς
1083 2240 1209 2271 ἅπαντα
1232 2241 1397 2279 χρώμενος
1421 2242 1561 2273 διετέλει.
