2140 3026
1084 176 1161 205 vlll

250 285 330 304 mim.
366 273 425 307 vui,
460 273 543 301 sicut
569 271 691 301 ‹svn—ri>
716 280 852 309 quoque
877 269 927 298 (lis
953 267 1209 300 immortalibus,
1246 266 1358 296 futura
1382 265 1625 305 Midylidarum
1654 266 1803 296 familiae
1827 267 1898 297 fata
1921 275 2027 306 poeta

248 308 471 357 ‹mnunvmlut
496 336 524 355 v.
550 326 603 355 Tu:
627 325 721 363 κώμῳ
746 325 801 359 μὲν
825 322 1069 359 αδυμελείΔίκα
1094 320 1287 357 παρέστακε’
1311 320 1393 349 θεῶν
1409 317 1435 349 δ’
1453 318 1526 348 όττιν
1544 318 1553 355 l¹
1570 317 1706 356 ἄφθιτον
1727 319 1831 351 αἰτέω,
1856 319 2027 357 Ξέναρκες,

249 383 411 418 ὑμετέραις
433 381 550 416 τυχαῑς.
591 379 624 407 lu
649 377 754 406 amm
774 378 872 415 parte*
896 385 924 405 τ’,
949 375 1074 405 ῗὸ-Τῗ
1098 373 1270 411 generalis
1294 373 1463 411 quaedam
1488 381 1597 411 eaque
1619 372 1916 411 praestantissima
1940 373 2026 403 inest

249 435 423 464 sententiat.
453 433 587 468 Volgus
604 431 784 462 hominum.
809 430 834 458 si
853 430 928 468 quis
945 430 1046 458 rubus
1064 434 1200 457 strenue
1216 427 1326 466 gestis
1343 433 1376 456 et
1393 426 1612 456 victoriarum
1639 426 1823 465 splendore
1847 435 1891 455 ex
1915 427 2025 456 multi-

247 489 361 518 tu‹lin-·
386 488 518 517 omino-t.
544 495 619 515 eum
645 495 706 514 sua
729 485 761 513 id
787 483 1004 520 dexteritate,
1031 481 1204 515 machinis,
1237 481 1362 511 callido
1387 490 1498 510 rerum
1525 491 1586 510 usu
1610 487 1804 510 assecutum
1828 480 2022 510 arbitratur,

245 543 345 581 Quod
371 543 473 577 long-v
497 550 594 569 secus
618 545 679 569 est.
726 539 822 567 llaec
845 537 959 566 omnia
976 537 1059 565 deus
1076 536 1257 571 gubernat,
1281 535 1337 573 qui
1362 541 1524 573 tanquam
1542 534 1619 573 pilis
1643 535 1763 564 ludens
1779 534 1936 563 homines
1953 543 2023 563 sur-

245 607 315 625 sum
341 597 498 625 deorsum
525 594 638 627 iactat,
663 603 692 622 v.
717 593 771 622 76:
805 592 842 621 τὰ
875 591 902 621 δ’
926 590 983 620 οὐκ
1007 589 1053 620 ἐπ’
1079 588 1213 626 ἀνδράσι
1236 589 1346 619 κεῖται·
1375 589 1495 625 δαίμων
1518 589 1552 619 δὲ
1576 589 1733 626 παρίσχει,
1766 591 1767 626 i
1789 588 1901 618 ἄλλοτ’
1925 588 2025 619 ἄλλον

246 651 360 687 ὕπερθε
387 649 519 687 βάλλων,
543 648 642 677 ἄλλον
665 646 692 677 δ’
716 646 778 676 ὑπὸ
801 646 922 682 χειρῶν.
980 643 1234 673 postremarum
1269 642 1411 671 duarum
1446 643 1643 682 sphragidis
1677 643 1823 682 partium
1848 652 1876 673 ν.
1901 643 2023 673 558—97

246 715 285 733 eat
309 710 358 732 «nst
385 703 443 733 vis.
468 707 503 731 ut
527 702 667 730 deorum
693 700 749 728 illa
765 699 856 728 dona
872 697 997 736 quovis
1020 704 1177 735 tempore
1198 705 1265 725 non
1282 695 1392 725 minus
1408 696 1575 731 celeriter,
1598 706 1700 736 quam
1717 697 1897 735 donentur,
1921 696 2024 726 adimi

243 757 343 786 etiam
368 765 471 794 posse
497 755 757 784 demonstretur.
803 751 922 781 Omnis
946 751 1094 779 humana
1118 748 1255 778 fortuna
1278 747 1385 778 fallax
1411 756 1473 779 est.
1518 750 1637 788 Atque
1663 751 1694 780 in
1713 750 1926 790 pacnullz'ma
1951 751 2023 790 qui—

242 812 318 840 dom
336 812 433 850 parts
455 819 483 840 τ’,
510 808 642 840 <ss—92
665 807 844 845 (μέριμναν)
878 803 1060 834 iuvenilem
1096 803 1243 832 animum
1279 803 1371 832 nulla
1394 802 1582 833 etiamtunc
1615 805 1830 844 experientia
1854 806 2024 841 edoctum,

241 866 367 895 blanda
391 875 450 903 spe
475 864 599 893 elatum
625 867 728 899 atque
752 859 961 898 sempiterna
985 859 1071 887 haec
1095 857 1158 887 sibi
1176 857 1250 887 fore
1268 857 1495 887 somniantem
1511 863 1618 896 poeta
1633 866 1776 889 venuste
1793 859 1903 898 carpit
1920 869 1950 889 v.
1967 860 2021 890 88:

241 922 258 950 ὸ
282 920 315 950 δὲ
339 919 436 949 καλόν
460 928 486 948 τι
509 918 583 947 νέον
605 915 712 953 λαχὼν
735 913 745 953 Η
769 914 947 952 ἁβρότατος
971 912 1027 949 ἔπι,
1052 912 1192 950 μεγάλας
1215 911 1226 951 ΙΙ
1249 912 1281 943 ἐξ
1306 912 1437 950 ἐλπίδος
1461 912 1594 942 πέταται
1617 912 1628 952 Η
1651 912 1846 951 ὑποπτέροις
1863 912 2023 952 ἀνορέαις.

240 973 348 1003 Addit
373 973 415 1001 ad
432 971 655 1009 mitigandam
673 969 807 1007 culpam
831 973 954 1007 poeta:
976 976 1016 996 ac
1039 966 1287 996 nobilissimum
1303 976 1476 1005 quemque
1491 976 1652 996 maxume
1669 976 1806 1006 cupere,
1823 976 1890 996 non
1906 967 2022 998 imme-

244 1027 328 1057 renti
352 1027 437 1056 haec
459 1025 523 1054 sibi
553 1025 742 1062 obtingere,
777 1023 838 1051 sed
864 1031 1065 1061 persuasum
1090 1021 1153 1050 sibi
1176 1021 1316 1054 habere,
1350 1030 1417 1049 non
1452 1020 1515 1050 nisi
1545 1019 1705 1060 flagranti
1738 1021 1852 1050 studio
1887 1027 1921 1051 et
1955 1020 2025 1051 acri

239 1091 319 1111 cura
342 1081 427 1110 haec
450 1081 541 1109 bona
562 1077 738 1116 impetrari
776 1083 809 1106 et
833 1075 1031 1106 conservari
1066 1084 1187 1114 posse3
1226 1085 1256 1106 v.
1280 1075 1334 1105 91:
1371 1074 1453 1113 ἔχων
1487 1075 1651 1113 κρέσσονα
1685 1076 1826 1107 πλούτου
1861 1077 2022 1115 μέριμναν.

238 1134 396 1173 Denique
416 1133 446 1162 in
464 1134 631 1173 postrema
657 1131 855 1170 sphragidis
870 1131 970 1170 parte
992 1139 1021 1159 v.
1045 1130 1090 1160 92
1114 1129 1161 1166 (ἐν
1183 1129 1209 1159 δ’
1232 1129 1344 1169 ὀλίγῳ)
1370 1129 1453 1160 —97
1475 1129 1568 1166 illud,
1598 1130 1690 1168 quod
1722 1139 1889 1160 summum
1918 1130 2024 1160 totius

239 1188 396 1219 carminis
419 1193 640 1226 praeceptum
667 1191 728 1224 est,
755 1184 889 1215 sublimi
910 1193 996 1214 voce
1020 1183 1227 1213 enuntiatur:
1251 1183 1327 1213 Non
1353 1189 1405 1213 est
1428 1184 1522 1222 quod
1545 1184 1715 1214 humanae
1739 1183 1893 1214 felicitati
1916 1183 2023 1214 fiden-

238 1244 315 1272 dum
341 1242 392 1272 sit.
437 1241 554 1272 Omnis
577 1239 713 1270 fortuna
735 1240 885 1268 humana
909 1247 1046 1277 semper
1068 1237 1201 1276 fragilis
1225 1242 1259 1267 et
1283 1237 1390 1267 fallax
1415 1242 1476 1268 est.
1522 1236 1620 1276 Quae
1644 1238 1677 1267 di
1700 1243 1818 1268 mutua
1842 1239 2020 1275 dederunt,

237 1296 358 1335 quovis
380 1297 487 1325 horae
511 1300 684 1324 momento
707 1303 891 1332 reposcere
918 1298 1073 1332 possunt.
1118 1290 1208 1330 Quid
1245 1291 1427 1331 quisquam
1451 1292 1526 1322 est?
1560 1291 1642 1330 quid
1663 1301 1731 1322 non
1755 1293 1826 1322 est?
1868 1293 2023 1324 Umbrae

236 1350 403 1380 somnium
426 1350 539 1378 homo.
572 1348 643 1379 Sed
657 1357 732 1378 cum
756 1347 803 1376 ita
825 1346 878 1381 sit,
900 1352 997 1376 tanto
1016 1346 1149 1385 gratius
1172 1346 1326 1376 accidere
1343 1351 1491 1384 oportet,
1521 1354 1596 1375 cum
1613 1345 1660 1375 ita
1677 1346 1801 1381 evenit,
1824 1352 1860 1376 ut
1877 1347 2020 1378 deorum

234 1403 401 1435 beneficio
424 1403 646 1442 necopinatus
663 1403 827 1442 splendor
843 1401 943 1431 nobis
967 1400 1149 1440 affulgeat;
1173 1410 1202 1431 v.
1217 1401 1271 1431 95:
1295 1400 1462 1438 ἐπάμεροι·
1485 1400 1513 1430 τί
1531 1400 1566 1431 δέ
1590 1409 1653 1438 τιςς
1677 1400 1705 1430 τί
1728 1402 1755 1431 δ’
1780 1400 1818 1431 οὔ
1840 1411 1903 1439 τις;
1929 1403 2023 1440 σκιᾶς

236 1458 314 1496 ὄναρ
337 1458 348 1497 Η
372 1458 551 1496 ἄνθρωπος.
586 1456 654 1488 ἀλλ’
684 1456 761 1487 ὅταν
794 1455 888 1493 αἴγλα
921 1455 1093 1493 διόσδοτος
1115 1455 1201 1495 ἔλθῃ,
1224 1454 1235 1493 ΙΙ
1258 1455 1405 1493 λαμπρὸν
1436 1454 1561 1492 φέγγος
1586 1454 1714 1485 ἔπεστιν
1738 1453 1866 1493 ἀνδρῶν
1889 1456 1941 1486 καὶ
1962 1456 2024 1494 μεί-

234 1514 321 1550 λιχος
345 1512 432 1543 αἰών.

257 1679 282 1708 7.
328 1677 496 1716 Quattuor
523 1677 613 1707 circa
637 1676 821 1707 Mesodum
844 1681 962 1715 partes
986 1681 1189 1715 argumento
1214 1685 1351 1714 quoque
1374 1676 1437 1705 sibi
1461 1676 1683 1714 respondere.
1731 1675 1998 1715 compositionis

357 1731 444 1761 ratio
469 1742 510 1761 ea
533 1737 594 1765 est,
619 1736 655 1760 ut
678 1730 710 1760 in
734 1729 932 1769 sphragide
955 1730 1091 1759 demum
1119 1739 1286 1759 summum
1310 1729 1469 1759 carminis
1488 1729 1665 1760 consilium
1692 1737 1900 1769 compareat.

383 1822 588 1862 Sphragidis
610 1822 715 1862 igitur
738 1822 844 1852 totius
866 1822 1151 1862 compositionem
1184 1827 1221 1852 ut
1253 1822 1285 1852 in
1309 1832 1377 1852 uno
1401 1822 1468 1851 iam
1492 1828 1680 1861 conspectu
1703 1830 1880 1860 ponamus,
1915 1832 2020 1852 mem-

233 1879 372 1908 brorum
397 1878 468 1907 eius
491 1878 576 1907 haec
601 1883 651 1907 est
676 1877 780 1907 ratio:
807 1877 898 1906 Ante
920 1878 1100 1907 mesodum
1116 1887 1197 1916 pars
1220 1877 1315 1916 prior
1330 1887 1359 1907 v.
1375 1877 1514 1911 61—72;
1538 1887 1620 1916 pars
1643 1877 1815 1916 posterior
1839 1888 1868 1908 ν.
1887 1878 2019 1909 73-77.

233 1932 398 1963 Mesodus
422 1942 452 1962 v.
478 1932 611 1962 Ts—ST.
656 1931 741 1961 Post
765 1932 944 1962 mesodum
967 1941 1049 1970 pars
1077 1931 1171 1970 prior
1194 1942 1224 1961 v.
1249 1931 1373 1962 88—93
1401 1932 1592 1971 (μέριμναν);
1627 1941 1708 1971 pars
1731 1932 1904 1971 posterior
1927 1943 1956 1963 v.
1980 1934 2019 1963 92

232 1986 281 2023 (ἐν
305 1987 332 2016 δ’
356 1985 467 2026 ὀλίγῳ)
489 1986 580 2016 -97,
626 1985 882 2016 Sententiarum
906 1995 1044 2025 quoque
1069 1985 1102 2015 in
1125 1986 1313 2025 sphragide
1337 1986 1482 2025 egregia
1504 1992 1557 2016 est
1580 1985 1790 2016 concinnitas
1815 1993 1848 2016 et
1872 1997 2019 2026 symme-

232 2040 306 2070 tria.
342 2040 429 2069 Nam
453 2039 613 2078 proxima
637 2046 716 2069 ante
731 2040 910 2070 mesodum
935 2045 968 2069 et
987 2040 1148 2079 proxima
1163 2046 1243 2079 post
1260 2040 1438 2070 mesodum
1455 2046 1660 2080 argumento
1683 2040 1760 2079 ipso
1790 2041 2018 2080 pulcherrime

233 2093 295 2123 sibi
323 2093 554 2132 respondent3
577 2103 692 2123 earum
717 2100 861 2133 utraque
884 2093 990 2124 falsas
1012 2094 1186 2124 hominum
1211 2095 1254 2124 de
1278 2095 1426 2124 humana
1449 2093 1614 2125 felicitate
1639 2094 1854 2125 aestimanda
1878 2101 1911 2126 et
1935 2095 2019 2126 diiu-

233 2147 379 2177 dicanda
401 2147 583 2186 opiniones
608 2148 727 2187 carpit.
774 2148 874 2178 Prior
897 2148 1077 2188 imperitae
1101 2148 1325 2178 multitudinis
1349 2155 1382 2178 et
1406 2148 1501 2188 volgi
1525 2154 1660 2188 turpem
1684 2150 1856 2188 quendam
1889 2156 1922 2180 et
1957 2150 2019 2179 illi-

230 2202 384 2232 beralem
409 2212 561 2232 errorem
585 2202 752 2241 castigat3
777 2203 886 2232 altera
908 2203 1095 2232 iuventutis
1117 2212 1312 2242 generosae
1336 2208 1370 2233 et
1393 2202 1516 2232 nobilis
1540 2202 1723 2233 iuvenilem
1747 2213 1899 2234 errorem
1916 2204 2019 2234 corri-

232 2255 283 2294 git
305 2255 406 2285 venia
430 2261 464 2286 et
487 2256 712 2286 excusatione
739 2256 890 2296 dignum.
945 2257 1018 2288 Nec
1055 2257 1164 2287 minus
1201 2258 1290 2287 bene
1325 2257 1438 2296 prima
1471 2262 1505 2287 et
1537 2263 1695 2287 extrema
1719 2257 1915 2298 sphragidis
1937 2267 2018 2297 pars

233 2316 443 2349 competunt3
468 2310 498 2340 in
523 2310 634 2349 prima
658 2311 855 2350 exponitur:
880 2312 965 2341 deos
989 2322 1076 2347 esse,
1099 2311 1157 2351 qui
1181 2311 1295 2341 omnia
1318 2311 1525 2350 largiantur;
1549 2311 1582 2341 in
1606 2317 1775 2342 extrema:
1800 2313 1884 2342 deos
1905 2313 2019 2342 omnia
