2140 3026
1063 147 1129 177 ΧΠ

212 307 253 335 ll.
302 305 496 334 llvrnvtlius
521 304 682 333 herminm-
708 302 777 331 fata
799 301 973 340 >peculum
999 304 1073 328 >unt
1099 297 1320 333 miseriarum,
1345 296 1470 335 quibus
1493 302 1617 335 quarta
1641 296 1697 326 illa.
1713 296 1985 337 llyrnethiorum

334 340 339 345 -
825 355 932 384 tribus
955 355 1077 383 obruta
1101 351 1276 390 paullatim
1301 357 1362 381 est.

356 450 604 487 l’rogredivnte
629 449 751 479 deinde
775 455 931 486 tempore
955 445 1173 475 Doriensium
1209 452 1242 476 et
1272 446 1510 485 indigenarum
1534 445 1635 475 animi
1660 444 1772 485 magis
1803 445 1987 484 magisque

206 506 302 536 alu-ri
326 506 369 534 ab
393 504 508 534 alteris
533 503 715 533 abalienati
740 508 826 535 sunt,
859 508 890 531 et
917 500 1105 530 Dorienses
1139 499 1368 539 principatum
1401 501 1445 529 ad
1480 510 1517 529 se
1549 499 1808 529 vindicaverunt
1832 506 1986 529 veterum

207 560 442 595 indigenarum
475 558 545 588 iure
581 557 790 587 conculcato,
848 555 924 584 Iloc
959 562 1097 593 quoque
1135 552 1166 581 in
1191 552 1392 592 Ilyrnethus
1415 553 1532 584 fabula
1557 553 1744 583 clarissime
1768 552 1987 592 exprimiturg

188 623 281 644 ,nam
306 613 351 641 ita
376 611 446 641 sere
471 617 606 640 veteres
631 610 675 639 illi
699 608 878 648 llyrnethii
902 609 1102 637 narrabant:
1135 613 1206 637 tres
1228 607 1370 637 Temeni
1394 607 1491 642 filios,
1527 608 1653 643 Cisum,
1679 607 1858 646 Cerynam,
1883 607 1986 636 Phal-

205 677 277 697 cam
302 667 442 702 (Κεῖσον.
468 666 616 703 Κερύνην,
641 665 769 701 Φάλκην
794 664 893 693 Faus.
918 663 958 696 Il,
984 664 1031 694 28.
1056 662 1088 701 3)
1113 662 1194 692 odio
1229 668 1262 691 et
1286 661 1399 691 furore
1423 663 1584 693 ardentes
1605 662 1637 692 in
1659 662 1881 701 Epidauriam
1905 661 1988 691 irru-

203 721 294 759 pis„-
317 721 360 750 ad
383 720 562 759 Hyrnetho
586 728 737 749 sororem
763 718 970 756 rapiendam.
1006 715 1239 754 Deiphontam
1264 715 1392 744 auxilio
1417 715 1557 754 coniugi
1573 716 1718 755 venisse,
1735 716 1797 746 sed
1810 715 1984 751 Phalcam,

203 774 451 813 quillyrnetho
475 773 541 802 iam
565 773 597 801 in
621 781 752 802 currum
770 781 864 800 suum
883 770 1086 803 sustulisset,
1111 769 1284 808 captivam
1307 769 1544 799 vehementius
1567 769 1754 808 arripuisse
1777 776 1812 800 et
1829 769 1986 799 manibus

205 829 487 866 comprehensam
506 834 573 856 tam
592 826 752 856 ferociter
765 824 955 858 retinuisse,
980 828 1024 859 ut,
1049 833 1125 852 cum
1143 833 1184 852 eo
1201 822 1277 862 ipso
1301 828 1457 862 tempore
1471 822 1590 853 mulier
1607 823 1755 862 gravida
1778 830 1879 861 esset,
1903 833 1985 854 exa-

202 882 328 911 nimata
352 882 541 920 expiraret;
572 880 669 909 Faus.
694 879 734 917 11,
759 879 807 911 2s‚
832 880 865 908 5:
911 878 1039 914 Φάλκης
1073 878 1108 907 δὲ
1142 876 1358 914 ἀντεχόμενος
1392 877 1441 907 καὶ
1474 877 1576 907 ἕλκων
1601 877 1779 914 βιαιότερον
1803 876 1986 908 ἀπέκτεινεν

202 936 341 972 ἔχουσαν
365 936 398 965 ἐν
421 934 542 970 γαστρί.
590 933 664 962 Hac
688 931 803 961 fabula
828 933 889 961 sub
913 930 999 960 fictis
1023 931 1164 960 heroum
1188 930 1382 960 nominibus
1406 940 1488 960 vera
1511 940 1625 960 rerum
1642 935 1767 960 eventa
1788 930 1985 960 describun-

204 995 272 1021 tur;
307 998 383 1017 nam
408 987 518 1026 magis
553 987 733 1025 magisque
758 986 874 1015 Dores
898 985 1026 1015 alteros
1050 984 1127 1013 illos
1150 984 1182 1013 in
1210 990 1336 1014 statum
1360 984 1511 1023 iniquom
1538 989 1572 1013 et
1593 983 1807 1014 humiliorem
1832 985 1986 1014 detruse-

202 1050 288 1072 runt.
344 1042 384 1071 Et
409 1041 516 1080 Argis
550 1040 688 1079 quidem
722 1040 831 1069 tribus
859 1038 1053 1078 Hyrnethia
1087 1047 1131 1067 ex
1165 1038 1443 1077 inscriptionibus
1471 1048 1609 1077 quoque
1635 1038 1780 1078 prodiit;
1817 1038 1850 1068 in
1885 1038 1986 1077 Corp.

201 1097 304 1127 Inscr.
329 1094 450 1125 Graec.
475 1095 498 1128 Ι,
523 1104 577 1125 no,
603 1095 695 1124 1130:
720 1094 739 1123 ἁ
762 1094 849 1131 φυλὰ
872 1095 936 1123 τῶν
959 1092 1136 1130 Ὑρναθίων
1153 1091 1194 1121 Μ.
1207 1092 1376 1130 Πομπήϊον
1394 1093 1549 1130 Χαρεῑνον
1573 1093 1629 1124 τὸν
1653 1094 1687 1124 ἐκ
1702 1093 1875 1131 προγόνων
1899 1093 1986 1131 εὐερ-

200 1152 304 1189 γέταν,
339 1155 371 1179 et
396 1159 450 1180 no.
475 1150 570 1180 1131:
606 1149 723 1179 Σέξτον
756 1148 927 1185 Πομπήϊον
953 1147 1071 1177 Σέξτου
1106 1146 1175 1176 υἱόν
1282 1145 1302 1176 ἁ
1331 1146 1419 1183 φυλὰ
1453 1147 1516 1176 τῶν
1548 1143 1762 1184 [“Υρ]ναθίων.
1809 1146 1864 1176 De
1886 1147 1987 1177 huius

201 1205 308 1234 tribus
332 1204 423 1243 apud
438 1203 592 1242 Argivos
615 1202 779 1231 memoria
797 1201 883 1231 conf.
909 1202 1010 1230 docte
1027 1200 1251 1230 disserentem
1266 1199 1488 1238 Boeckhium,
1512 1199 1730 1238 Corp.1nscr.
1748 1199 1806 1231 Gr.
1819 1201 1844 1235 Ι,
1868 1211 1899 1240 p.
1913 1201 1983 1232 579.

201 1259 331 1288 Nomen
355 1267 437 1288 vero
463 1256 735 1296 Hyrnethiorum
758 1256 846 1286 sicut
868 1255 968 1294 Argis
992 1255 1039 1284 ita
1060 1254 1093 1284 in
1116 1254 1328 1293 Argivorum
1353 1253 1498 1283 coloniis
1529 1264 1666 1293 quoque
1689 1261 1833 1293 quartae
1855 1254 1985 1294 indige—

202 1322 318 1342 narum
343 1311 444 1341 tribui
469 1310 633 1340 sollemne
657 1309 727 1340 fuit.
781 1309 931 1338 Primum
955 1309 998 1338 de
1021 1307 1216 1347 Epidauriis
1239 1307 1273 1337 id
1297 1317 1459 1338 maxume
1482 1309 1674 1347 probabile,
1708 1309 1870 1348 quoniam
1893 1310 1987 1348 apud

200 1376 258 1396 eos
288 1366 487 1404 llyrnethus
521 1363 683 1394 heroinae
716 1363 882 1392 memoria
915 1362 1187 1393 celebratissima
1223 1368 1284 1392 est.
1340 1362 1395 1392 Ex
1418 1362 1594 1401 Epidauro
1619 1363 1761 1393 Temeni
1794 1362 1883 1393 filios
1907 1374 1983 1394 eam

199 1420 364 1459 rapuisse,
389 1419 420 1448 in
444 1418 607 1457 Epidauri
644 1417 737 1447 urbis
760 1417 884 1447 vicinia
908 1426 983 1446 eam
1005 1416 1196 1455 expirasse,
1221 1416 1313 1446 fama
1337 1422 1419 1447 erat.
1482 1417 1600 1456 Atque
1634 1418 1754 1447 urbem
1780 1417 1985 1448 intrantibus

199 1474 313 1503 fanum
334 1473 533 1512 Hyrnethus
557 1472 707 1505 etrlucus
732 1471 763 1502 ei
785 1477 1007 1502 consecratus
1030 1470 1318 1510 conspiciebatur,
1347 1480 1533 1501 maxumae
1558 1471 1651 1510 apud
1673 1471 1881 1510 Epidaurios
1907 1471 1984 1502 reli-

199 1528 325 1567 gionis-3
359 1527 458 1557 Paus.
485 1526 525 1561 ΙΙ,
558 1528 607 1561 28,
632 1528 664 1556 3;
697 1528 841 1556 κατιοῦσι
874 1527 910 1557 δὲ
943 1526 978 1563 ἐς
1000 1527 1064 1556 τῶν
1087 1524 1298 1563 Ἐπιδαυρίων
1329 1524 1422 1555 πόλιν
1445 1524 1563 1562 χωρίον
1587 1524 1654 1554 ἐστὶ
1677 1524 1859 1562 πεφυκυίας
1882 1524 1986 1562 ἀγριε-

200 1583 309 1620 λαίους
332 1582 421 1619 ἔχον·
443 1581 613 1619 Ὑρνήθιον
637 1581 672 1611 δὲ
696 1582 830 1611 καλοῦσι
853 1581 889 1611 τὸ
913 1580 1039 1618 χωρίον.
1093 1579 1242 1608 Pulchra
1264 1584 1343 1608 sunt
1368 1588 1457 1617 quae
1482 1579 1526 1608 de
1550 1579 1616 1608 hoc
1636 1577 1833 1618 Hyrnethio
1857 1578 1985 1609 Pausa-

198 1636 272 1666 nias
287 1636 329 1675 ΙΙ,
353 1636 402 1674 28,
425 1636 444 1665 6
467 1634 584 1664 tradit:
630 1634 848 1672 ἀναλαβόντες
871 1635 906 1665 δὲ
929 1634 986 1664 τὸν
1008 1634 1123 1672 νεκρὸν
1144 1636 1202 1671 τῆς
1221 1632 1403 1671 Ὑρνηθοῦς
1426 1633 1611 1671 κομίζουσιν
1635 1633 1669 1670 ἐς
1689 1634 1786 1664 τοῦτο
1809 1633 1846 1663 τὸ
1869 1634 1986 1672 χωρίον

198 1690 320 1721 τὸιάνὰ
343 1690 460 1727 χρόνον
482 1685 652 1732 Ὑρνήθιον
680 1689 802 1726 κληθέν.
839 1689 888 1719 καί
912 1687 940 1719 οἱ
964 1688 1158 1725 ποιήσαντες
1183 1687 1291 1727 ἡρῷον
1323 1687 1416 1725 τιμὰς
1450 1687 1500 1717 καὶ
1535 1686 1637 1725 ἄλλοις
1659 1687 1829 1726 δεδώκασι,
1862 1688 1913 1718 καὶ
1936 1688 1986 1718 ἐπὶ

198 1746 264 1781 τοῖς
285 1743 464 1781 πεφυκόσιν
487 1742 604 1779 ἐλαίοις
705 1742 880 1779 καθέστηκε
902 1741 1012 1779 νόμος,
1035 1741 1075 1772 τὰ
1098 1741 1279 1779 θραυόμενα
1304 1741 1424 1779 μηδένα
1448 1741 1482 1778 ἐς
1502 1740 1591 1772 οἶκον
1609 1741 1776 1779 φέρεσθαι,
1810 1742 1889 1780 μηδὲ
1912 1743 1986 1780 χρᾶ-

197 1798 271 1828 σθαί
294 1804 408 1835 σφισιν
430 1797 536 1835 μηδέν,
562 1796 643 1826 κατὰ
664 1796 772 1834 χώραν
797 1795 822 1826 δ’
848 1795 948 1827 αὐτοῦ
972 1796 1138 1827 λείπουσιν
1160 1795 1230 1833 ἱερὰ
1253 1794 1333 1827 εἶναι
1355 1798 1412 1833 τῆς
1437 1794 1624 1833 Ὑρνηθοῦς.
1648 1794 1736 1826 conf.
1759 1794 1880 1835 Steph.
1901 1795 1985 1837 Byz.

197 1861 222 1882 s.
246 1861 277 1881 v.
295 1848 474 1888 Ὑρνήθιον.
645 1868 648 1871 ·
680 1860 681 1864 ’

213 2029 260 2059 12.
305 2027 403 2068 Quae
427 2029 470 2059 de
494 2027 754 2067 Epidauri‘orum
777 2027 826 2058 rei
849 2028 1009 2067 publicae
1034 2028 1197 2058 institutis
1220 2028 1408 2065 tradantur‚
1432 2038 1474 2058 ea
1498 2028 1648 2058 dubitari
1671 2038 1740 2059 non
1762 2038 1876 2068 posse,
1901 2029 1982 2069 quin

455 2076 721 2121 *Aeginetarum
744 2091 892 2121 quoque,
915 2082 1117 2112 colonorum
1140 2092 1185 2112 ex
1208 2080 1559 2122 Epidaur0,‘›propria
1582 2079 1716 2113 fuerint.

345 2173 494 2204 Veteres
527 2173 603 2203 illos
641 2173 782 2208 incolas,
821 2183 907 2212 quos
939 2173 1077 2204 nomine
1116 2171 1307 2203 honorifico
1335 2172 1551 2212 Hyrnethios
1583 2183 1711 2215 vocare
1743 2174 1871 2211 licebit,
1904 2185 1985 2206 rura

196 2228 421 2267 potissumum
445 2227 593 2257 coluisse
616 2227 730 2267 ibique
754 2227 858 2257 vitam
875 2227 908 2257 in
925 2237 1031 2267 opere
1054 2227 1183 2258 rustico
1206 2227 1472 2267 consumpsisse,
1495 2228 1678 2267 probabile
1702 2234 1765 2270 est,
1789 2239 1866 2262 curn
1883 2229 2002 2272 *cives¹

197 2281 388 2312 Dorienses
411 2290 552 2311 munera
575 2281 713 2320 publica
736 2281 768 2310 in
791 2282 876 2312 urbe
899 2281 1034 2311 obirent
1057 2286 1090 2312 et
1113 2291 1287 2312 armorum
1310 2281 1424 2311 studia
1447 2288 1660 2312 exercerent.
1716 2281 1773 2312 Ab
1796 2282 1855 2312 illo
1878 2282 1983 2322 igitur
