2140 3026
1024 156 1067 185 lv

158 267 314 299 coeptam
343 262 511 285 oxu-norat.
558 253 656 292 Quod
681 251 767 281 enim
794 249 977 279 scholiasta
1003 246 1115 284 rosen,
1155 245 1408 274 Aristomenem
1436 243 1604 283 Pythiade
1628 242 1774 273 XXXV
1798 242 1863 274 (Ol.
1887 242 1935 275 ³:⁴2,

159 318 176 342 :3
192 328 222 338 2
248 315 299 342 ιῖιυ
324 323 351 340 ιι.
377 311 468 344 Chr.)
493 308 622 338 vicisse.
656 305 769 335 Schol.
796 303 889 332 Pind.
914 312 944 341 p.
970 302 1027 330 :55³4
1059 300 1161 330 med:
1197 295 1415 336 Ἀριστομένει
1514 299 1674 335 παλαιστῇ
1694 298 1857 334 νικήσαντι
1880 297 1936 332 τὴν

159 365 199 398 λε’
230 366 384 396 Πυθιάδα,
407 362 523 400 gravis
547 362 576 389 in
600 369 739 389 numero
762 367 857 387 error
881 362 942 386 est.
987 355 1073 384 Nam
1099 353 1388 392 quemadmodum
1422 351 1535 381 omnia
1565 351 1596 381 in
1619 351 1684 381 boc
1707 352 1866 388 carmine7
1901 357 1935 380 ut

160 428 238 450 ante
262 419 392 449 cladem
419 417 450 445 id
477 413 703 452 compositum
727 417 893 450 putemus,
930 409 1084 444 suadent,
1121 407 1168 437 ita
1191 407 1314 444 onmia,
1348 416 1391 436 ne
1415 412 1495 445 post
1524 406 1656 436 cladem
1680 407 1842 446 scriptum
1867 405 1935 444 opi.

160 483 284 504 ncmur.
321 471 529 500 dissuadent.
584 465 910 497 Probabilissumum
935 468 997 495 est,
1034 460 1264 490 Aristomenis
1301 460 1475 490 victoriam
1500 460 1632 500 Pythiis
1655 461 1822 499 proximis
1857 467 1935 490 ante

159 528 301 557 cinctam
327 526 369 554 ab
395 521 662 553 Atheniensibus
686 519 857 557 Aeginam
886 515 1139 546 attribuendam
1164 524 1250 547 esse,
1275 514 1340 543 hoc
1364 519 1416 543 est
1441 513 1601 553 Pythiadi
1627 514 1775 545 XXXII
1803 515 1870 553 (Ol,
1887 515 1935 553 79,

159 585 225 609 πῖ
241 582 300 610 -ιιὶὶ
324 591 352 608 a.
369 579 468 613 slim.
505 577 624 614 ltaque
647 574 737 613 apud
763 572 980 602 scholiastam
1008 568 1223 599 scribendum
1246 574 1312 597 est:
1336 568 1500 605 νικήσαντι
1523 569 1580 605 τὴν
1604 570 1649 607 λβ’
1662 569 1818 607 Πυθιάδα,
1842 570 1935 608 quod

160 634 236 664 iam.
269 639 473 670 quamquam
496 629 585 658 haud
610 625 777 666 probabili
804 623 1063 654 ratiocinatione.
1090 621 1205 660 fretus,
1241 620 1276 651 C.
1301 622 1340 652 O.
1365 621 1554 656 Mueller,
1590 622 1796 661 Aeginetica
1825 633 1855 662 p.
1883 623 1938 653 178

159 687 363 717 coniecerat.
401 684 570 723 probante
594 680 771 710 Boeckhio
796 679 839 708 ad
863 676 1001 707 Pindari
1026 675 1159 705 scholia
1183 684 1215 713 p.
1240 675 1299 705 394
1324 681 1392 705 not.
1417 676 1444 709 7,
1481 676 1538 714 qui
1562 682 1685 715 postea
1707 687 1790 707 sane
1814 677 1846 707 in
1870 676 1938 706 Ex-

160 740 270 779 plicat.
292 739 334 768 ad
358 737 453 767 Pind.
476 747 508 775 p.
533 736 592 765 3(ὶὸ
616 734 730 771 invita,
755 732 888 771 opinor,
916 730 1071 759 Minerva
1095 727 1300 758 sententiam
1324 728 1532 759 retractavit.
1577 729 1744 760 Florebat
1767 730 1872 769 igitur
1896 739 1937 759 eo

159 794 234 832 ipso
257 793 441 822 etiamtunc
463 799 551 819 anno
577 787 722 825 Aegina,
757 792 862 824 atque
897 784 949 813 vel
974 784 1060 812 haec
1086 781 1317 812 Aristomenis
1342 782 1494 822 victoria,
1530 793 1630 822 quam
1653 789 1791 813 strenua
1812 783 1844 813 in
1867 784 1939 813 eius

160 847 288 876 insulae
312 844 494 884 palaestris
517 843 672 872 iuventus
701 843 943 871 succresceret,
978 837 1149 866 luculento
1181 836 1386 866 documento
1410 837 1617 868 ostenderat.
1658 837 1728 868 Sed
1752 838 1938 877 pulcherri-

159 911 214 930 mo
238 899 283 929 illi
308 898 381 929 tlori
406 898 530 927 acerba
555 896 619 925 iarn
644 894 739 923 Mors
761 892 858 932 quasi
882 901 1027 923 manum,
1054 895 1090 920 ut
1112 890 1156 919 ad
1181 899 1217 920 se
1239 889 1331 919 illum
1355 890 1552 926 vindicaret,
1576 891 1749 922 iniecerat.
1783 891 1936 921 Noverat

160 954 327 984 Pindarus
350 953 507 990 ingentes
531 948 800 979 Atheniensium.
825 947 869 975 ad
886 955 1017 975 summa
1037 943 1244 978 enitendum,
1268 944 1416 983 spiritus,
1440 951 1593 979 noverat,
1618 946 1699 985 quid
1723 951 1826 984 esset,
1850 946 1938 975 hanc

161 1009 278 1037 urbem
303 990 468 1036 aemulam
493 1004 631 1033 habere.
677 1002 888 1034 Accedebat,
923 999 1017 1038 quod
1041 998 1098 1028 illo
1123 1004 1281 1036 tempore
1307 997 1446 1037 Aegina
1470 999 1638 1029 intestinis
1662 999 1842 1029 discordiis
1864 1009 1941 1029 con-

161 1061 260 1091 tinuis
285 1059 454 1097 flagrabat
488 1063 521 1087 et
545 1056 806 1086 dilacerabatur.
862 1053 974 1084 Schol.
998 1052 1094 1082 Pind.
1118 1061 1150 1090 p.
1174 1052 1235 1082 394
1270 1053 1314 1081 ad
1339 1062 1370 1083 v.
1393 1053 1429 1083 3:
1474 1053 1536 1093 ἰδίᾳ
1565 1055 1632 1091 τοῖς
1657 1054 1836 1091 Αἰγινήταις
1858 1053 1942 1090 ἦσαν

159 1115 292 1152 στάσεις
317 1098 387 1151 περὶ
409 1113 465 1143 τὸν
487 1113 543 1149 τῆς
565 1111 652 1147 νίκης
675 1111 731 1140 τοῦ
755 1108 998 1146 Ἀριστομένους
1034 1106 1152 1144 καιρόν.
1214 1105 1310 1136 Haec
1333 1106 1446 1136 omnia
1471 1107 1559 1137 tristi
1582 1108 1768 1147 praesagio
1794 1108 1941 1137 animum

159 1174 284 1207 poetae
308 1167 542 1206 impleverunt.
600 1163 813 1202 Quamquam
838 1162 942 1201 igitur
973 1171 1013 1190 eo
1038 1160 1114 1199 ipso
1140 1165 1300 1198 tempore
1331 1160 1413 1189 nihil
1438 1161 1517 1190 dum
1542 1170 1668 1195 eorum,
1700 1171 1788 1200 quae
1812 1161 1943 1191 animus

159 1221 404 1261 augurabatur,
438 1230 474 1250 re
497 1229 579 1249 vera
603 1222 776 1251 evenerat,
812 1222 927 1245 tamen
948 1221 1127 1245 extremae
1162 1213 1251 1243 illius
1287 1212 1355 1243 diei
1386 1213 1454 1243 iarn
1489 1214 1604 1253 imago
1628 1214 1658 1244 ei
1681 1216 1943 1252 obversabatur,

159 1284 227 1314 quo
253 1273 411 1312 Aeginae
434 1271 519 1308 filiis,
546 1271 626 1301 viris
651 1270 846 1300 fortissimis
873 1276 907 1300 et
931 1267 1154 1302 amicissimis
1177 1277 1241 1307 pro
1266 1267 1334 1297 aris
1359 1272 1393 1297 et
1415 1266 1502 1297 focis
1527 1268 1757 1298 dimicandum
1780 1268 1879 1299 foret.

160 1477 188 1506 2.
234 1475 380 1505 Tantum
403 1475 512 1507 abest,
536 1478 571 1503 ut
595 1472 781 1503 artificiosa
806 1471 993 1502 carminum
1016 1469 1221 1509 compositio
1251 1479 1372 1500 sensus
1394 1469 1529 1500 fucatos
1545 1470 1682 1509 prodat,
1706 1475 1742 1500 ut
1767 1470 1948 1500 dicendum

568 1527 683 1566 potius
707 1526 763 1556 sit:
786 1535 938 1555 summus
960 1523 1076 1554 animi
1095 1523 1190 1554 dolor
1211 1533 1363 1554 summus
1388 1522 1532 1564 arlg'fcx.

309 1632 407 1662 Hunc
432 1631 535 1671 igitur
570 1631 601 1660 in
635 1632 772 1661 modum
796 1630 936 1660 Pindari
961 1640 1046 1660 voce
1080 1636 1113 1659 et
1147 1640 1206 1660 ore
1232 1629 1354 1660 Musae
1377 1629 1551 1670 Aeginam
1575 1629 1796 1661 defleverunt.
1841 1630 1949 1660 Fama

162 1694 223 1722 est,
247 1687 372 1725 olores,
407 1686 462 1715 ubi
486 1685 558 1715 fata
581 1690 715 1719 vocent,
753 1684 908 1714 dulcibus
944 1683 1218 1723 lugubribusque
1247 1684 1405 1714 cantibus
1428 1684 1545 1714 aerem
1571 1684 1793 1723 perfundere:
1831 1693 1948 1714 eorum

163 1746 322 1771 cantuum
345 1741 410 1770 hoc
433 1749 571 1770 carmen
595 1739 703 1770 simile
727 1744 788 1770 est.
846 1739 922 1768 Non
954 1743 1031 1768 sunt
1065 1738 1122 1767 illa
1145 1738 1236 1768 altae
1260 1738 1354 1768 vocis
1385 1739 1570 1778 magnique
1593 1738 1753 1768 clamoris
1775 1739 1948 1778 querelae,

163 1796 284 1835 quibus
316 1795 484 1824 Pindarus
514 1794 699 1824 amicorum
734 1793 806 1823 fata
839 1793 975 1823 luxerit.
1031 1792 1139 1822 Immo
1172 1792 1229 1821 uni
1265 1792 1329 1822 soli
1362 1792 1596 1832 querimoniae
1629 1793 1744 1823 locum
1773 1793 1951 1828 concessit,

163 1850 209 1879 illi
232 1849 297 1888 uni,
330 1858 419 1888 quae
442 1859 486 1878 ex
510 1848 626 1878 intimo
648 1848 754 1878 totius
778 1847 952 1877 hominum
987 1847 1126 1886 generis
1150 1852 1291 1886 pectore
1322 1845 1496 1885 profluxit,
1536 1856 1626 1885 quae
1655 1852 1689 1876 et
1719 1846 1952 1876 vetustissima

164 1910 215 1933 est
237 1904 428 1942 eademque
452 1902 604 1941 quotidie
627 1912 764 1932 recens:
788 1900 902 1931 omnia
927 1901 1076 1931 hnmana
1097 1910 1195 1931 vana.
1244 1900 1344 1931 Hanc
1367 1901 1424 1931 ille
1448 1900 1563 1940 elegit.
1587 1910 1689 1939 quam
1713 1900 1853 1930 carmini
1878 1910 1950 1938 suo,

164 1968 233 1997 quo
257 1957 417 1996 Aeginae
437 1956 508 1986 fata
532 1966 692 1996 suprema
715 1956 859 1995 planxit,
896 1962 1058 1995 tanquam
1083 1955 1231 1985 animam
1252 1954 1395 1994 inflaret,
1431 1965 1460 1986 v.
1483 1955 1536 1985 92:
1582 1955 1617 1985 ἐν
1641 1954 1770 1995 δ’ὀλίγῳ
1794 1956 1918 1993 βροτῶν
1941 1954 1952 1994 Η

164 2012 200 2042 τὸ
221 2011 359 2049 τερπνὸν
383 2010 522 2041 abieras
547 2010 632 2041 οὕτω
656 2011 690 2041 δὲ
707 2011 758 2041 καὶ
774 2012 876 2041 πιτνεῖ
899 2010 1005 2049 χαμαί,
1027 2009 1039 2049 ll
1063 2009 1238 2049 ἀποτρόπῳ
1263 2009 1374 2048 γνώμᾳ
1396 2009 1618 2047 σεσεισμένον.
1641 2008 1652 2048 Η
1674 2009 1826 2047 ἐπάμεροι
1844 2017 1850 2022 ·
1866 2009 1894 2039 τί
1916 2009 1951 2040 δέ

165 2075 226 2103 τις;
249 2065 277 2095 τί
298 2059 325 2095 δ’
349 2064 387 2094 οὔ
409 2075 469 2102 τις;
492 2065 584 2102 σκιᾶς
609 2064 689 2102 ὄναρ
711 2064 723 2103 Η
745 2064 925 2103 ἄνθρωπος.
981 2063 1093 2093 Unum
1130 2069 1245 2093 tamen
1281 2063 1408 2093 oblitus
1430 2073 1498 2093 non
1523 2068 1584 2101 est,
1619 2064 1714 2102 quod
1737 2062 1851 2093 solatii
1874 2063 1952 2093 loco

166 2118 332 2148 adiceret:
355 2117 452 2147 Deus
474 2119 522 2147 css
543 2117 644 2146 folum*
667 2120 837 2147 llasl‘rllm:
861 2116 931 2149 ἀλλ’
952 2118 1030 2149 ὅταν
1059 2118 1155 2154 αἴγλα
1179 2118 1352 2155 διόσδοτος
1372 2117 1458 2157 ἔλθῃ,
1479 2116 1491 2156 ll
1511 2118 1657 2155 λαμπρὸν
1680 2118 1802 2155 φέγγος
1825 2117 1954 2148 ἔπεστιν

170 2172 296 2210 ἀνδρῶν
319 2173 369 2202 καὶ
393 2172 531 2210 μείλιχος
554 2172 640 2202 αἰών.

314 2226 385 2255 Iam
409 2236 491 2256 vero
515 2226 637 2255 mirum
660 2225 808 2256 fortasse
831 2226 974 2260 accidet,
999 2236 1076 2257 cum
1101 2226 1234 2265 dixero,
1258 2227 1323 2256 hoe
1346 2235 1485 2256 carmen
1505 2225 1605 2265 Pyth.
1618 2225 1702 2255 VIII
1725 2225 1858 2256 formae
1874 2226 1953 2255 sub—

167 2280 289 2310 tilitate
314 2285 347 2310 et
372 2280 628 2319 compositionis
644 2280 812 2310 varietate
829 2281 1154 2310 elaboratissumum
1173 2286 1206 2310 et
1233 2280 1541 2319 elegantissumum
1560 2289 1645 2309 esse.
1681 2279 1769 2309 Nam
1785 2279 1951 2310 exaudire
