2140 3026
978 157 1084 188 XVII

144 315 189 346 16.
236 315 289 345 De
313 315 373 354 ἰδίᾳ
396 314 491 344 vocis
514 323 584 344 usu.
612 330 647 334 —
672 311 859 351 Gigantum
884 311 1033 350 imagine
1059 317 1092 341 et
1112 311 1193 350 quid
1209 311 1342 341 intersit
1367 311 1454 341 inter
1468 321 1587 341 verum
1604 311 1708 340 robur
1725 317 1758 341 et
1775 310 1923 341 furorem

349 369 535 399 illustratur
559 373 592 397 et
616 366 827 406 proditorum
849 365 940 404 apud
964 365 1158 404 Aeginetas
1181 365 1314 403 patriae
1339 365 1469 396 scelera
1491 364 1715 404 castigantur.

290 459 407 489 Factio
431 457 534 497 igitur
556 456 771 495 popularium
795 456 885 495 apud
899 455 1093 494 Aeginetas
1115 455 1244 487 eisdem
1256 457 1345 486 votis
1369 457 1558 496 studiisque
1580 456 1765 496 flagrabat,
1791 457 1924 496 patriae

143 515 370 555 proditionem
394 512 449 545 illi,
474 512 575 541 modo
599 510 793 549 optimates,
818 508 995 540 carnifices
1019 520 1108 545 SUOS,
1133 517 1338 545 everterent,
1363 511 1499 540 minime
1525 512 1777 542 cohorruerunt.
1813 511 1857 541 Et
1873 518 1925 541 est

143 570 270 600 clarum
283 568 496 605 minumeque
511 565 709 604 ambiguum
723 565 895 603 quoddam
912 565 1003 603 apud
1018 564 1247 595 Scholiastam
1258 564 1397 594 Pindari
1421 565 1660 599 testimonium,
1683 565 1740 595 illo
1758 565 1842 604 ipso,
1857 575 1924 604 quo

143 624 390 655 Aristomenes,
411 620 582 651 Xenarcis
605 619 703 656 filius,
728 619 853 658 Pythia
869 619 958 653 vicit,
983 624 1139 658 tempore
1163 619 1367 649 seditionum
1385 625 1417 649 et
1435 619 1684 649 discordiarum
1708 619 1924 658 perniciosis-

142 688 236 708 sumo
253 676 404 717 periculo
420 685 582 705 maxume
595 674 767 714 Aeginam
785 673 961 713 flagrasse.
997 672 1109 704 Schol.
1122 673 1218 704 Pind.
1236 683 1268 713 p.
1284 674 1345 704 394
1359 675 1461 705 med.:
1486 674 1548 714 ἰδίᾳ
1560 674 1738 712 Αἰγινήταις
1751 674 1836 712 ἦσαν
1848 674 1923 705 στά-

140 740 209 771 σεις
232 731 304 770 περὶ
326 731 382 761 τὸν
405 733 461 768 τῆς
484 730 571 767 νίκης
594 731 650 760 τοῦ
676 728 920 766 Ἀριστομένους
944 728 1063 766 καιρόν.
1113 727 1239 767 Quaeri
1263 728 1381 768 possit,
1416 729 1499 768 quid
1532 729 1563 758 in
1595 730 1660 759 hoc
1690 729 1765 759 loco
1789 728 1831 758 sit
1854 729 1924 768 ἰδίᾳ.

139 787 214 817 Non
237 786 350 822 credo,
376 785 587 824 scriptorem,
609 783 689 813 solis
714 782 896 821 Aeginetis
920 782 976 811 illo
1000 788 1156 822 tempore
1179 783 1368 813 discordias
1391 783 1508 813 civiles
1539 782 1653 817 fuisse,
1691 783 1805 813 dicere
1825 784 1924 819 velle,

140 839 426 879 quemadmodum
451 848 492 868 ea
516 847 602 868 voce
626 836 817 866 Pausanias
838 836 952 869 utitur,
978 836 1078 867 Faus,
1099 836 1123 869 Ι,
1148 837 1195 874 29,
1220 839 1254 867 5:
1276 838 1436 875 Ἀθηναῖοι
1471 839 1506 869 δὲ
1540 837 1602 877 ἰδίᾳ
1703 838 1924 875 ἐστράτευσαν

138 895 157 925 i.
183 904 210 925 e.
235 894 297 924 soli
321 893 454 933 egressi
476 898 561 922 sunt.
616 891 723 921 Immo
756 900 826 920 -vox
861 890 923 930 ἰδίᾳ
956 892 1049 930 apud
1075 892 1292 922 scholiastam
1327 893 1471 922 eandem
1502 902 1574 922 rem
1607 891 1787 932 significat,
1822 902 1924 931 quam

140 948 360 988 Thucydides
385 948 459 977 loco
477 956 581 985 supra
605 946 709 975 allato
734 944 758 979 I,
784 946 840 975 115
864 945 907 975 de
931 944 1054 976 Samiis
1078 946 1220 985 loquens
1243 946 1291 976 ita
1315 946 1489 985 exprimit:
1534 947 1566 978 ἐξ
1600 947 1700 985 αὐτῆς
1735 948 1792 984 τῆς
1815 947 1924 983 Σάμου

139 1003 273 1041 “ἄνδρες
297 1000 434 1033 ἰδιῶται”
458 1000 644 1037 νεωτερίσαι
667 999 865 1036 βουλόμενοι.
922 999 996 1029 Non
1019 999 1107 1029 enim
1131 1007 1205 1030 erat
1226 1001 1283 1030 illa
1320 1001 1424 1031 factio
1448 1001 1534 1035 talis,
1568 1002 1689 1041 quales
1710 1001 1742 1031 in
1767 1001 1924 1031 omnibus

140 1055 352 1096 antiquitatis
368 1054 562 1085 civitatibus
586 1053 812 1092 reperiuntur,
837 1063 925 1092 quae
949 1054 1022 1083 iure
1037 1054 1174 1093 publico
1198 1055 1363 1086 niteretur
1380 1062 1413 1086 et
1430 1056 1533 1086 armis
1552 1066 1570 1086 e
1586 1056 1724 1095 legibus
1741 1056 1925 1095 depromp-

141 1111 184 1141 tis
207 1120 282 1141 cum
299 1108 505 1139 adversariis
529 1107 723 1143 dimicaret;
747 1107 848 1136 immo
872 1107 1015 1146 privatis
1039 1108 1094 1138 isti
1117 1109 1275 1145 consiliis,
1300 1110 1389 1140 intra
1410 1111 1564 1149 parietes
1588 1110 1752 1149 procusis‚
1778 1110 1922 1150 pernici-

140 1164 265 1195 ossimo
289 1163 454 1193 scelerum
478 1167 657 1201 apparatu,
682 1161 795 1191 omnia
818 1163 978 1201 agebant.

286 1217 386 1247 Hanc
408 1216 512 1256 igitur
534 1216 567 1245 in
589 1216 766 1255 republica
779 1216 1030 1256 Aeginetarum
1057 1216 1249 1253 factionem,
1275 1229 1363 1258 quae
1385 1219 1531 1258 patriam
1555 1220 1598 1249 ad
1624 1219 1820 1258 perdendos
1836 1219 1923 1259 opti-

138 1278 247 1303 mates
260 1271 531 1302 Atheniensibus
553 1270 734 1309 proditam,
759 1280 860 1309 quam
885 1271 1015 1301 salvam
1039 1273 1103 1301 sub
1124 1273 1338 1312 optimatium
1356 1274 1586 1303 dominatione
1603 1274 1729 1309 mallet,
1754 1274 1922 1305 Pindarus

137 1327 169 1357 in
192 1325 349 1357 carminis
371 1325 471 1365 Pyth.
494 1324 578 1355 VIII
612 1324 714 1354 archa
738 1334 814 1354 cum
837 1323 1046 1364 Gigantibus
1071 1332 1104 1356 et
1126 1327 1295 1366 Typhoeo
1321 1328 1486 1357 adversus
1519 1328 1640 1366 Jovem
1674 1328 1922 1359 rebellantibus

139 1386 325 1421 comparat,
348 1389 379 1409 v.
396 1380 507 1410 S—ZO.
542 1379 614 1409 Iam
640 1379 665 1408 si
690 1385 882 1418 quaeratur,
906 1389 973 1418 quo
998 1379 1132 1409 vinculo
1154 1381 1240 1411 haec
1264 1380 1451 1421 Gigantum
1476 1382 1689 1412 devictorum
1712 1382 1829 1422 imago
1846 1392 1921 1413 cum

139 1435 241 1465 totius
265 1434 423 1465 carminis
447 1434 587 1464 consilio
612 1434 807 1469 cohaereat,
831 1433 921 1464 facili
945 1434 978 1463 id
1002 1435 1143 1474 negotio
1168 1436 1325 1475 expediri
1348 1442 1471 1476 potest.
1519 1436 1644 1467 Totum
1668 1447 1805 1467 carmen
1823 1437 1855 1466 in
1881 1446 1921 1466 eo

137 1489 315 1529 proposito
336 1488 461 1524 nititur,
485 1494 522 1518 ut
544 1498 632 1528 quae
654 1488 696 1518 sit
719 1489 791 1519 veri
815 1489 947 1518 roboris
972 1488 1071 1528 origo
1096 1495 1130 1519 et
1153 1496 1277 1520 natura
1302 1490 1492 1521 definiatur.
1528 1492 1582 1522 Ac
1595 1501 1713 1522 verum
1738 1491 1770 1521 in
1784 1491 1922 1521 homine

135 1544 240 1574 robur
263 1543 399 1574 divinae
422 1543 564 1583 originis
584 1553 669 1578 esse,
693 1543 760 1573 iam
785 1552 888 1582 supra
911 1542 1057 1573 vidimus
1081 1543 1269 1575 luculenter
1292 1556 1312 1575 a
1335 1551 1440 1584 poeta
1463 1556 1539 1576 cum
1561 1555 1625 1585 per
1655 1550 1763 1575 totum
1786 1555 1922 1576 carmen

136 1604 207 1628 tum
232 1597 265 1627 in
289 1597 476 1638 sphragide
498 1597 725 1637 potissumum
749 1597 925 1637 explicari.
962 1597 1035 1627 Iam
1058 1599 1183 1629 archae
1207 1609 1247 1629 ea
1264 1599 1314 1629 vis
1337 1606 1399 1634 est,
1423 1606 1459 1630 ut
1475 1600 1547 1630 veri
1564 1600 1699 1630 roboris
1714 1600 1922 1630 contrarium

135 1653 368 1686 adumbretur,
404 1653 496 1692 quod
530 1652 714 1682 falsissimo
739 1652 908 1682 interdum
941 1652 1065 1682 iudicio
1091 1653 1215 1692 volgus
1247 1663 1311 1693 pro
1336 1664 1419 1684 vero
1446 1655 1575 1684 robore
1597 1654 1795 1689 admiratur,
1829 1653 1923 1684 furor

133 1706 188 1737 ille
212 1711 246 1737 et
269 1706 426 1741 amentia,
461 1716 551 1746 quae
575 1707 741 1736 adversus
772 1706 923 1736 divinum
946 1716 1069 1736 numen
1094 1705 1266 1737 offirmato
1298 1707 1428 1737 scelere
1467 1714 1500 1738 et
1524 1708 1718 1738 temeritate
1742 1708 1921 1738 rebellant.

136 1760 213 1790 Non
234 1765 296 1798 est,
319 1759 437 1799 inquit,
459 1761 566 1791 robur
588 1770 716 1795 verum,
742 1762 833 1800 quod
860 1761 912 1791 dis
936 1761 1155 1795 adversatur;
1195 1771 1235 1791 ea
1258 1761 1398 1791 vesania
1422 1768 1474 1792 est
1508 1768 1542 1792 et
1565 1762 1692 1792 stolida
1715 1761 1766 1792 sui
1789 1760 1921 1800 fiducia,

137 1824 225 1854 quae
247 1821 328 1854 post
349 1816 491 1845 brevem
515 1815 695 1845 tumultum
719 1815 1011 1856 praecipitabitur.
1058 1815 1154 1845 Haec
1177 1816 1289 1845 omnia
1312 1815 1481 1845 Pindarus
1504 1815 1536 1845 in
1560 1816 1709 1856 imagine
1732 1816 1920 1856 Porphyri-

138 1869 222 1905 onis,
245 1867 432 1909 Gigantum
449 1869 552 1909 regis,
577 1876 611 1900 et
624 1869 780 1910 Typhoei
797 1880 924 1910 magna
936 1871 969 1899 vi
987 1870 1160 1909 expressit
1183 1876 1217 1900 et
1234 1870 1432 1909 exsculpsit.
1469 1871 1537 1900 Sub
1555 1880 1597 1900 ea
1612 1870 1763 1910 imagine
1781 1870 1920 1900 dubium

135 1932 205 1953 non
229 1929 290 1961 est,
314 1924 395 1963 quin
417 1923 521 1955 factio
546 1924 604 1954 illa
621 1925 713 1964 apud
727 1925 920 1963 Aeginetas
943 1925 1077 1963 patriae
1093 1924 1316 1964 proditorum,
1340 1924 1469 1954 nullum
1488 1923 1620 1955 facinus
1634 1925 1920 1964 perhorrentiurn,

135 1977 369 2017 intellegenda
393 1978 444 2008 sit.
477 1977 556 2009 Hoc
578 1978 657 2008 inde
683 1988 843 2009 maxume
867 1985 1022 2018 apparet.
1047 1980 1139 2019 quod
1162 1979 1252 2009 mitis
1275 1980 1447 2019 quaedam
1470 1988 1542 2008 vox
1565 1979 1743 2010 interiecta
1767 1986 1828 2013 est,
1853 1989 1919 2018 qua

135 2036 239 2071 poeta
260 2032 473 2071 perditorum
496 2033 630 2063 illorum
655 2033 769 2063 studia
792 2033 942 2073 corrigit,
969 2038 1132 2073 tanquam
1154 2034 1303 2064 nondum
1327 2033 1418 2063 omni
1441 2043 1502 2073 spe
1523 2032 1636 2068 irrita;
1668 2043 1736 2063 non
1760 2034 1793 2063 vi
1817 2040 1920 2072 atque

135 2085 272 2125 rapiniS‚
296 2087 357 2116 sed
380 2087 503 2117 mutuis
527 2086 649 2117 officiis
673 2092 707 2117 et
730 2087 844 2126 gratia
861 2088 975 2118 danda
992 2094 1025 2118 et
1042 2088 1252 2128 accipienda,
1278 2088 1335 2118 illa
1351 2098 1439 2128 quae
1456 2094 1565 2127 optes,
1589 2088 1805 2127 impetranda
1827 2098 1917 2125 esse;

133 2150 162 2170 V.
176 2141 230 2171 13:
253 2141 366 2179 κέρδος
389 2142 423 2172 δὲ
446 2141 607 2180 φίλτατον,
630 2140 641 2181 Η
664 2141 796 2180 ἕκοντος
821 2142 849 2173 εἴ
869 2153 915 2180 τις
940 2143 974 2174 ἐκ
997 2143 1105 2180 δόμων
1128 2143 1231 2181 φέροι.
1268 2142 1440 2173 Universo
1454 2152 1536 2173 vero
1553 2142 1693 2173 carmini
1707 2141 1918 2172 Pmmeansum

132 2203 160 2225 v.
187 2195 264 2226 1—7
287 2194 456 2225 Pindarus
478 2196 684 2235 praetexuit,
710 2206 777 2236 quo
794 2196 1005 2237 Hesychiam
1030 2198 1129 2227 deam
1153 2198 1300 2231 invocat,
1325 2207 1413 2237 quae
1436 2197 1528 2228 haud
1546 2197 1649 2227 dubie
1673 2197 1716 2226 ab
1734 2196 1919 2236 Aeginetis

134 2249 270 2288 publice
293 2249 479 2280 colebatur.
522 2249 603 2280 Eius
626 2251 791 2280 memoria
814 2251 846 2280 in
872 2261 912 2280 eo
938 2252 1097 2287 carmine,
1122 2262 1190 2292 quo
1215 2252 1296 2291 quid
1319 2262 1437 2282 verum
1462 2253 1568 2282 robur
1593 2258 1693 2286 esset,
1728 2257 1832 2291 poeta
1855 2251 1918 2281 sibi

133 2303 370 2333 illustrandum
393 2310 596 2343 sumpserat,
620 2314 730 2344 paene
753 2306 948 2336 necessaria
970 2313 1052 2337 erat.
1097 2306 1185 2336 Nam
1203 2306 1379 2346 Hesychia
1400 2306 1618 2345 pulcherrimi
1643 2305 1731 2335 illius
1754 2305 1916 2339 foederis,

1705 2361 1719 2385 3
