2140 3026
1010 158 1041 188 V

127 255 195 285 iam
219 254 298 283 mihi
322 254 441 284 videor
465 254 733 284 obtrectatorum
758 251 896 281 Pindari
921 261 1087 284 susurros,
1113 250 1169 289 qui
1184 250 1307 279 dicturi
1331 249 1410 279 sint:
1436 259 1513 279 eum
1529 255 1678 288 poetam,
1706 250 1763 288 qui
1786 256 1917 280 tantum

129 319 257 349 operae
282 314 314 339 et
338 308 472 338 sudoris
495 308 527 337 in
551 307 661 337 forma
684 306 869 336 carminum
894 305 1128 335 concinnanda
1152 310 1186 333 et
1209 304 1254 333 ad
1281 313 1430 342 unguem
1455 303 1664 342 expolienda
1690 304 1921 343 insumpserit,

127 373 196 394 non
220 372 337 393 verum
364 368 397 392 et
418 371 620 401 germanum
646 361 677 389 in
701 366 843 399 pectore
868 360 1024 389 dolorem
1048 358 1258 398 percepisse,
1287 358 1349 387 sed
1366 357 1501 387 fucatos
1526 364 1559 387 et
1580 357 1761 387 simulatos
1778 357 1922 388 affectus

128 427 212 457 prae
243 428 280 448 se
314 416 414 450 ferre,
451 415 541 445 inani
579 415 763 444 verborum
800 414 921 443 tinnitu
955 413 1132 443 tumidum.
1160 429 1195 433 —
1220 410 1291 442 Sed
1329 422 1444 451 apage
1479 412 1575 441 istam
1613 412 1858 451 suspicionem!
1885 431 1921 434 —

129 471 214 511 Quis
245 481 394 511 unquam
429 469 614 503 lusciniam,
652 468 747 507 quod
785 467 1077 498 artificiosissume
1109 472 1219 501 canat,
1258 476 1322 504 pro
1359 466 1568 496 simulatrice
1593 466 1819 496 calumniatus
1849 469 1922 497 est?

130 526 238 556 Immo
274 525 322 555 sic
355 524 589 554 statuendum:
635 528 769 552 tantum
802 523 912 555 abest,
945 527 982 551 ut
1005 521 1174 551 Pindarus
1209 520 1374 560 fingendo
1411 526 1444 550 et
1476 521 1668 550 simulando
1705 521 1816 551 dolori
1841 532 1924 561 ope-

130 590 202 609 ram
236 579 380 613 dederit,
411 584 448 608 ut
470 578 568 608 dolor
591 577 647 608 ille
679 583 712 607 et
735 586 871 607 maeror
895 577 938 607 de
962 575 1204 606 dilectissimae
1228 575 1359 605 insulae
1383 574 1462 605 fatis
1497 575 1735 613 ingruentibus
1757 575 1789 604 in
1813 576 1920 606 visce-

130 634 224 664 ribus
259 634 331 664 eius
365 634 512 663 haerens
534 642 597 672 pro
621 631 698 662 cibo
734 637 768 661 et
791 631 998 661 nutrimento
1023 631 1053 660 ei
1076 629 1188 666 fuerit,
1224 634 1259 659 ut
1283 640 1327 659 ex
1353 639 1394 659 eo
1419 630 1540 659 dolore
1565 630 1705 669 dignum
1730 630 1761 659 in
1785 631 1923 660 modum

129 687 329 718 exornando
353 692 387 717 et
411 687 604 717 excolendo
630 686 788 716 solatium
811 685 875 715 sibi
901 691 935 715 et
958 684 1173 715 dulcedinem
1197 684 1338 723 ceperit.
1374 684 1462 713 Nam
1485 684 1551 713 hoc
1575 683 1733 722 profecto
1760 694 1922 715 maxume

130 742 174 772 ad
198 751 235 772 se
256 741 430 780 pertinere
455 741 642 771 arbitratus
667 746 728 779 est,
763 744 799 769 ut
823 740 1033 779 provideret.
1062 750 1104 769 ne
1128 744 1225 769 tanta
1248 738 1356 768 virtus
1380 738 1453 768 sine
1478 737 1654 767 Musarum
1679 744 1713 768 et
1737 739 1923 769 carminum

127 796 229 826 laude
254 801 396 826 aeterno
421 795 557 825 silentio
582 800 616 825 et
634 800 736 824 nocte
760 799 983 833 premeretur,
1008 794 1068 823 sed
1092 800 1129 823 ut
1145 798 1367 823 monumento
1385 792 1500 831 aliquo
1518 792 1561 821 ad
1581 792 1823 831 posteritatem
1843 803 1922 823 con-

128 854 246 885 staret,
270 859 443 889 generosa
465 849 522 879 illa
546 849 578 878 in
601 849 834 879 Aeacidarum
858 847 967 877 insula
984 853 1127 886 pectora
1151 857 1214 887 pro
1233 847 1374 876 summis
1390 845 1550 885 palladiis
1575 846 1643 875 suis
1669 851 1809 876 strenue
1827 847 1924 876 dimi—

131 913 239 943 casse,
263 903 384 934 eadem
408 902 558 933 fatorum
584 903 653 942 legi
677 902 881 932 inexorabili
905 902 1136 932 succubuisse.

128 1082 156 1113 3.
202 1081 256 1111 De
276 1090 457 1110 nomorum
482 1079 731 1119 compostionis
761 1079 828 1109 stili
853 1079 1002 1119 quadam
1027 1079 1205 1109 varietate.
1240 1078 1279 1108 In
1297 1078 1513 1118 Aegineticis
1537 1079 1744 1109 carminibus
1770 1079 1921 1119 Ompha-

360 1135 413 1164 lus
436 1133 577 1164 minoris
599 1133 763 1173 ponderis
788 1138 850 1165 est.
875 1134 967 1173 quod
989 1133 1021 1163 in
1046 1133 1195 1164 carmine
1219 1133 1281 1172 Py.
1306 1132 1400 1164 VIII.
1425 1133 1688 1163 demonstratur.

279 1224 424 1255 Carmen
462 1224 563 1263 Pyth.
587 1223 670 1254 VIII
704 1234 832 1263 magna
865 1230 940 1254 arte
964 1224 1191 1264 compositum
1215 1235 1292 1254 esse
1315 1224 1415 1255 facile
1440 1225 1494 1255 vel
1515 1224 1542 1254 is
1568 1225 1703 1257 sentiat.
1738 1226 1795 1265 qui
1832 1227 1923 1256 haud

129 1289 280 1319 operoso
305 1278 427 1316 studio.
457 1278 666 1317 primoribus
693 1283 836 1313 tantum,
868 1280 962 1318 quod
985 1279 1088 1311 aiunt,
1122 1279 1228 1309 labris
1264 1279 1458 1308 summatim
1496 1279 1530 1308 id
1564 1280 1766 1319 gustaverit.
1824 1280 1925 1311 Com-

128 1333 311 1374 positionis
346 1342 476 1373 genere
510 1338 544 1362 et
582 1332 661 1362 stilo
700 1332 732 1362 in
772 1343 813 1363 eo
851 1344 932 1363 usus
969 1339 1021 1364 est
1058 1333 1227 1363 Pindarus
1271 1333 1355 1363 satis
1392 1333 1517 1372 prisco.
1580 1333 1798 1373 Quamquam
1837 1336 1924 1365 enim

130 1388 245 1419 omnia
281 1388 353 1418 eius
388 1387 539 1417 carmina
572 1396 753 1417 nomorum
790 1387 1006 1427 antiquorum
1038 1388 1232 1427 Terpandri
1265 1397 1421 1418 normam
1446 1393 1479 1417 et
1514 1389 1628 1427 legem
1663 1389 1695 1418 in
1730 1389 1924 1420 universum

130 1447 327 1482 sequuntur,
350 1447 466 1472 tamen
489 1451 617 1481 magna
641 1446 693 1472 est
716 1441 749 1471 in
773 1452 815 1472 ea
835 1442 912 1481 ipsa
945 1442 1056 1472 forma
1080 1442 1272 1477 diversitas,
1310 1447 1416 1481 atque
1440 1448 1575 1472 aetates
1599 1443 1702 1473 etiam
1726 1443 1925 1475 immutatae

129 1497 207 1537 plus
230 1497 385 1527 minusve
409 1506 588 1526 nomorum
611 1495 743 1525 formae
767 1496 930 1536 distingui
954 1501 1108 1535 possunt.
1144 1496 1232 1528 Sunt
1254 1496 1415 1533 carmina,
1439 1496 1472 1526 in
1488 1497 1613 1536 quibus
1630 1498 1815 1536 omphalus
1832 1499 1921 1537 prin-

128 1551 280 1590 cipatum
301 1551 394 1580 haud
419 1549 521 1580 dubie
545 1555 649 1583 tenet,
673 1555 750 1579 sunt
773 1550 839 1579 alia
862 1560 990 1589 rursus,
1014 1550 1046 1580 in
1071 1551 1195 1590 quibus
1218 1552 1346 1581 archae
1369 1551 1424 1580 vel
1447 1551 1626 1590 sphragidi
1650 1552 1726 1590 plus
1744 1552 1922 1591 dignitatis

129 1605 226 1635 inest.
272 1604 393 1643 Atque
417 1604 449 1633 in
474 1613 516 1633 ea
539 1604 677 1643 quidem
701 1604 924 1643 epiniciorum
949 1610 1032 1637 arte.
1068 1614 1157 1643 quae
1181 1604 1214 1634 in
1237 1604 1348 1634 insula
1372 1604 1513 1644 Aegina
1537 1605 1726 1636 colebatur.
1763 1606 1925 1645 omphalo

129 1658 317 1689 carminum
340 1664 436 1688 tanta
460 1659 646 1688 auctoritas
670 1658 775 1688 fuisse
792 1669 857 1688 non
875 1659 1020 1689 videtur.
1059 1658 1096 1689 Si
1117 1669 1275 1698 quaeras⁷
1303 1669 1363 1689 cur
1386 1659 1421 1688 id
1438 1658 1565 1688 factum
1591 1659 1643 1690 sit.
1670 1669 1725 1689 res
1749 1660 1825 1699 ipsa
1841 1661 1924 1690 indi—

104 1738 107 1740 *
129 1713 218 1744 cium
241 1712 337 1743 facit:
363 1722 500 1752 semper
523 1713 556 1742 in
580 1713 629 1743 eis
653 1713 809 1743 cantibus
833 1713 989 1743 sollemni
1015 1718 1048 1743 et
1071 1713 1241 1743 tralaticio
1257 1723 1331 1752 usu,
1355 1723 1375 1742 a
1393 1723 1461 1752 quo
1479 1714 1644 1743 recedere
1668 1713 1721 1743 fas
1739 1724 1807 1743 non
1822 1720 1923 1754 esset,

131 1767 309 1798 Aeacidae
332 1767 495 1797 laudandi
520 1773 625 1797 erant.
672 1767 818 1797 Carmen
842 1767 943 1806 Pyth.
968 1767 1051 1796 VIII
1086 1768 1119 1797 in
1141 1768 1207 1797 hac
1231 1774 1325 1798 certe
1349 1778 1386 1797 re
1409 1767 1639 1807 Aegineticae
1663 1768 1746 1798 artis
1770 1778 1925 1798 normam

129 1821 289 1856 imitatur,
314 1821 408 1860 quod
432 1822 624 1860 omphalus,
659 1821 737 1851 licet
762 1821 908 1851 eximius
933 1827 965 1851 et
988 1821 1239 1860 pulcherrimus
1263 1821 1315 1856 sit,
1340 1827 1454 1851 tamen
1479 1822 1616 1852 minime
1640 1822 1744 1852 totius
1769 1823 1926 1853 carminis

131 1885 299 1906 summum
322 1876 459 1915 pondus
482 1876 621 1906 obtinet.
671 1875 855 1915 Omplmllls
878 1876 977 1914 enim⁷
1001 1886 1031 1905 v.
1057 1877 1180 1906 35—56
1205 1876 1442 1914 (Ἀμφιάρηος),
1467 1876 1619 1906 fabulam
1644 1877 1830 1916 mythicam
1845 1887 1923 1907 con-

130 1929 215 1960 tinet
239 1939 283 1959 ex
307 1928 546 1969 Epigonorum
570 1930 614 1959 ad
638 1930 778 1959 Thebas
813 1931 916 1960 rebus
939 1929 1058 1969 gestis.
1115 1929 1351 1969 Amphiaraus
1376 1930 1582 1960 vaticinatur
1615 1931 1658 1961 de
1685 1930 1774 1961 felici
1796 1931 1926 1970 Epigo-

130 1993 251 2013 norum
273 1983 505 2022 expeditionis
528 1983 637 2013 exitu:
662 1983 768 2023 ipsius
791 1983 896 2014 filium
915 1983 1162 2014 Alcmaeonem
1185 1985 1218 2014 in
1238 1984 1435 2014 Thebarum
1453 1985 1714 2024 expugnatione
1739 1996 1816 2015 eum
1834 1985 1922 2015 futu·

130 2047 204 2067 rum
228 2047 314 2076 esse,
348 2037 405 2076 qui
429 2037 578 2067 omnium
602 2037 731 2077 primus
754 2037 786 2067 in
811 2038 931 2068 Cadmi
955 2048 1070 2067 muros
1095 2038 1272 2077 irrumpat,
1300 2049 1328 2069 v.
1352 2040 1405 2069 45:
1442 2040 1576 2077 θαέομαι
1600 2041 1709 2077 σαφὲς
1734 2040 1744 2079 Η
1766 2040 1926 2077 δράκοντα

131 2092 276 2123 ποικίλον
300 2091 391 2129 αἰθᾶς
415 2091 570 2130 Ἂλκμᾶν’
594 2092 645 2123 ἐπ’
669 2092 807 2130 ἀσπίδος
824 2092 835 2132 Η
851 2095 1007 2130 νωμῶντα
1030 2094 1157 2131 πρῶτον
1179 2094 1213 2124 ἐν
1238 2093 1366 2131 Κάδμου
1392 2093 1519 2131 πύλαις.
1572 2093 1654 2123 Eius
1679 2095 1831 2133 omphali
1856 2095 1928 2124 sine

134 2145 238 2176 dubio
253 2147 319 2176 hoc
337 2151 390 2176 est
414 2146 602 2181 consilium,
626 2153 662 2177 ut
686 2147 878 2177 luculenter
892 2147 924 2176 in
941 2146 1017 2177 filiis
1041 2153 1176 2186 patrum
1196 2147 1357 2177 virtutem
1380 2147 1513 2177 renasci
1531 2153 1564 2177 et
1581 2154 1616 2177 ut
1635 2157 1753 2178 veram
1766 2151 1927 2178 virtutem

132 2200 269 2235 avitam,
292 2199 468 2239 patritam,
492 2200 681 2241 ingenitam
703 2212 781 2231 esse
805 2202 1021 2233 ostendatur:
1055 2212 1085 2232 V.
1109 2202 1163 2232 43:
1188 2201 1242 2232 ὧδ’
1269 2201 1336 2233 εἶπε
1356 2202 1582 2240 μαρναμένων·
1600 2201 1611 2241 Η
1627 2204 1695 2242 φυᾷ
1720 2202 1756 2232 τὸ
1779 2204 1927 2238 γενναῖον

131 2254 296 2292 ἐπιπρέπει
315 2253 327 2294 Η
343 2255 378 2285 ἐκ
401 2255 548 2293 πατέρων
573 2256 681 2286 παισὶν
707 2257 798 2293 λῆμα.
834 2256 911 2286 Hoc
935 2256 1085 2295 omphali
1102 2261 1326 2295 praeceptum
1351 2263 1454 2295 caput
1479 2266 1562 2286 sane
1585 2256 1746 2286 carminis
1762 2266 1831 2286 non
1849 2266 1928 2286 con—

130 2308 224 2338 tinet.
248 2308 352 2337 immo
378 2315 513 2347 partem
537 2309 774 2339 tantummodo
799 2320 952 2340 summae
977 2310 1164 2346 cuiusdam,
1199 2320 1288 2349 quae
1324 2320 1386 2349 per
1420 2316 1530 2340 totum
1567 2320 1704 2340 carmen
1730 2309 1839 2340 effusa
1865 2317 1925 2347 est,
