2140 3026
1026 166 1078 196 IX

151 274 243 303 quae
266 263 381 302 largiti
406 263 482 300 sint⁷
512 262 664 292 adimere
688 270 809 300 posse;
833 268 898 288 non
923 268 1000 288 esse
1026 258 1119 296 quod
1142 267 1204 286 sua
1228 256 1281 285 vel
1306 256 1337 285 vi
1365 255 1419 285 vel
1444 254 1614 293 sapientia
1637 254 1794 284 homines
1819 261 1856 284 se
1880 255 1947 284 iac-

153 323 226 349 tent
251 324 283 348 et
308 318 510 357 glorientur.
547 317 583 346 In
608 315 796 354 sphragide
820 313 924 352 igitur
947 321 1109 342 maxume
1133 310 1338 349 conspicuus
1363 315 1414 339 est
1438 309 1526 338 altus
1543 309 1599 339 ille
1622 309 1733 338 luctus
1750 314 1784 339 et
1801 318 1947 341 maeror.

156 382 225 412 quo
249 371 508 411 Aeginetarum,
533 369 815 400 amicissimorum
841 376 989 402 suorum,
1014 365 1169 395 fortunas
1196 364 1380 394 etiamtunc
1402 362 1567 392 florentes
1591 368 1697 402 poeta
1723 363 1949 392 humanorum

156 436 268 457 rerum
291 435 422 465 gnarus
445 425 650 454 intuebatur.
707 423 859 452 Videbat
884 421 1054 450 Pindarus
1079 419 1205 449 amoris
1239 419 1297 448 illa
1331 418 1414 452 acie,
1448 428 1537 456 quae
1562 417 1735 447 venientia
1763 416 1948 447 amicorum

157 481 247 510 mala
274 486 309 509 ut
332 478 528 519 praesentia
552 477 668 511 cernit,
693 477 785 506 haud
808 476 929 514 procul
951 476 1076 504 abesse
1100 474 1192 502 illum
1220 473 1320 505 diem,
1344 482 1412 511 quo
1437 471 1602 510 splendor
1626 471 1681 500 ille
1706 470 1949 500 dilectissimae

157 534 306 565 civitatis
329 533 360 563 in
385 533 516 563 cineres
540 537 573 561 et
597 532 774 570 pulverem
799 530 1014 568 collapsurus
1039 535 1140 557 esset.

296 588 368 617 Iam
392 592 528 616 veteres
545 585 651 616 critici
669 586 756 615 hanc
773 584 941 623 insignem
959 583 990 612 in
1008 582 1160 612 Pindaro
1177 581 1351 612 tristitiam
1367 587 1400 611 et
1420 581 1658 610 austeritatem
1679 580 1838 609 admirati
1863 586 1949 614 sunt,

156 652 220 672 nec
237 651 296 672 cur
312 641 345 671 in
358 640 503 680 epinicio
522 640 670 670 carmine
687 644 756 669 tarn
773 638 939 677 gravibus
953 636 1167 675 sinistrisque
1186 636 1299 666 verbis
1314 635 1525 664 fortunarum
1540 635 1765 663 humanarum
1778 632 1949 663 infirmita-

157 702 226 727 tem
243 700 453 735 conquestus
470 695 523 730 sit,
547 694 716 724 rationem
738 694 896 723 idoneam
922 691 1073 722 invenire
1095 695 1290 730 potuerunt.
1332 689 1453 727 Itaque
1471 695 1506 718 ut
1525 694 1622 717 erant
1641 687 1686 716 illi
1700 687 1880 726 proniores
1905 688 1949 716 ad

158 749 432 789 vituperandum,
459 758 559 787 quam
585 749 628 778 ad
647 758 764 777 verum
791 757 939 786 operose
956 745 1244 785 investigandum„
1269 749 1409 783 poetam
1432 742 1733 782 sapientissumum
1757 741 1870 771 officio
1888 752 1949 770 suo

157 804 249 834 haud
284 803 367 833 satis
399 808 480 842 apte
515 802 669 832 functum
704 801 858 832 arbitrati
895 806 986 835 sunt;
1025 800 1142 831 Scholl
1177 800 1221 828 ad
1244 798 1341 828 Pind.
1376 797 1478 836 Pyth.
1506 796 1598 830 VIII,
1637 796 1694 826 136
1718 805 1748 834 p.
1772 797 1832 825 400
1866 796 1949 826 init:

155 859 387 896 έπιμέμφονται
411 858 445 888 δέ
470 868 554 895 τινες
578 860 622 897 τῷ
645 856 806 896 Πινδάρῳ,
831 856 879 886 ὅτι
903 855 1059 892 ἐγκώμιον
1083 853 1217 891 γράφων
1243 854 1351 890 θρηνεῖ
1384 851 1440 882 τὸν
1466 850 1668 888 ἀνθρώπινον
1693 850 1769 888 βίον.
1820 849 1952 879 Finitur

156 912 302 952 denique
325 922 462 943 carmen
487 911 583 942 brevi
600 910 719 940 Exodo
740 909 768 940 ri.
789 910 952 947 98—100,
977 918 1043 947 qua
1066 914 1171 947 poeta
1188 907 1361 946 Aeginam
1387 906 1487 935 deam
1507 910 1541 935 et
1557 905 1683 935 heroes
1696 903 1949 943 Aeginetarum

156 966 289 1006 patrios
312 971 483 1005 precatur,
519 972 554 995 ut
578 965 722 994 insulam
747 964 856 994 libero
882 969 915 993 et
946 962 1035 992 felici
1069 972 1169 991 cursu
1194 972 1255 1001 per
1279 960 1428 990 fatorum
1453 959 1575 989 fluctus
1600 958 1681 989 ferri
1705 958 1894 998 patiantur3
1919 968 1949 987 v.

155 1021 208 1052 98:
241 1021 357 1059 Αἴγινα,
381 1021 459 1059 φίλα
483 1022 589 1058 μᾶτερ,
616 1019 776 1058 ἐλευθέρῳ
797 1018 906 1058 στόλῳ
930 1017 941 1056 Η
964 1017 1056 1047 πόλιν
1081 1016 1175 1047 τάνδε
1201 1016 1304 1053 κόμιζε
1329 1015 1367 1045 Δὶ
1389 1015 1439 1045 καὶ
1462 1015 1586 1052 κρέοντι
1609 1013 1671 1043 σὺν
1693 1013 1798 1052 Αἰακῷ
1819 1012 1830 1051 Η
1851 1012 1953 1049 Πηλεῖ

156 1086 188 1107 τε
213 1075 343 1115 κάγαθῷ
366 1074 531 1111 Τελαμῶνι
554 1074 615 1104 σύν
639 1074 664 1103 τ’
686 1073 829 1110 Ἀχιλλεῖ.

503 1240 530 1270 8,
575 1239 629 1268 De
656 1239 814 1268 carminis
839 1238 940 1278 Pyth.
967 1237 1050 1267 VIII
1073 1237 1211 1267 Archae
1235 1241 1406 1266 structura
1429 1235 1604 1275 bipartita.

305 1329 510 1369 Explanatis
532 1329 635 1368 igitur
659 1329 707 1359 eis
729 1329 888 1359 carminis
912 1329 1011 1368 Pyth.
1031 1329 1114 1358 VIII
1133 1329 1300 1368 partibus.
1323 1338 1412 1367 quae
1436 1333 1514 1366 post
1531 1327 1730 1366 omphalum
1748 1332 1835 1360 sunt,
1860 1336 1949 1356 nunc

156 1385 200 1415 ad
223 1384 360 1424 priores
376 1394 439 1414 nos
456 1383 614 1414 carminis
629 1388 757 1422 partes⁷
782 1383 1011 1417 Prooemium,
1035 1385 1198 1418 Archam‚
1217 1383 1452 1420 Catatropam,
1477 1387 1727 1415 convertamus,
1753 1391 1840 1420 quas
1857 1381 1951 1419 ipsas

157 1449 294 1479 quoque
318 1444 392 1469 arte
416 1438 686 1478 elegantissuma
721 1444 755 1467 et
779 1438 1002 1468 subtilissima
1037 1438 1250 1477 compositas
1273 1437 1476 1467 videbimus.
1534 1435 1703 1465 Adhibuit
1733 1441 1848 1465 autem
1872 1435 1950 1464 Pin-

157 1493 262 1524 darus
285 1493 317 1523 in
342 1493 446 1523 archa
469 1492 696 1532 potissumum
722 1492 971 1522 conformanda
1002 1493 1167 1522 rariorem
1190 1492 1364 1531 quandam
1400 1497 1433 1521 et
1469 1491 1618 1530 priscam
1653 1490 1764 1529 magis
1788 1490 1950 1529 speciem,

156 1553 192 1578 ut
215 1553 327 1577 toturn
349 1548 417 1577 hoc
443 1557 580 1577 carmen
614 1547 657 1576 ad
688 1546 815 1577 veteris
850 1547 967 1586 poesis
1004 1547 1133 1586 lyricae
1155 1546 1333 1576 historiam
1357 1552 1391 1576 et
1424 1545 1491 1575 stili
1527 1550 1635 1575 artem
1669 1544 1950 1583 cognoscendam

155 1601 398 1641 gravissimum
421 1611 653 1640 maxumeque
677 1600 889 1631 fructuosum
914 1611 990 1631 esse
1015 1606 1193 1640 appareat.
1239 1602 1357 1639 Atque
1383 1600 1561 1639 Cafafrojw
1595 1608 1622 1629 τ’.
1647 1598 1783 1629 29—34
1811 1598 1950 1637 quidem

154 1655 265 1687 facilis
289 1660 342 1686 est
364 1656 410 1685 ad
433 1655 677 1691 definiendum
714 1660 766 1685 est
789 1656 878 1685 enim
902 1656 934 1685 in
959 1666 1000 1685 eo
1025 1660 1282 1694 catatroparum
1307 1664 1447 1694 genere,
1482 1654 1514 1683 in
1539 1663 1608 1693 quo
1632 1658 1737 1692 poeta
1762 1663 1898 1683 cursum
1917 1653 1949 1682 in

155 1711 259 1741 archa
283 1710 474 1740 institutum
492 1708 671 1749 abrztmpz'f,
697 1716 860 1749 tanquam
883 1710 987 1739 nimia
1011 1709 1043 1739 in
1076 1709 1134 1739 illa
1157 1710 1302 1739 materia
1325 1719 1439 1739 rerum
1466 1708 1565 1747 copia
1600 1713 1772 1747 suppetat.
1828 1707 1950 1746 Itaque

154 1775 198 1795 ne
221 1764 396 1794 fastidium
419 1764 558 1801 oriatur,
592 1764 857 1803 digrediendum
892 1770 925 1794 et
956 1765 1001 1794 ad
1024 1770 1243 1804 praesentem
1279 1764 1394 1803 potius
1419 1763 1586 1793 victoriae
1609 1762 1777 1792 laetitiam
1802 1761 1949 1791 animum

155 1819 426 1849 convertendum
451 1828 540 1849 esse.
589 1818 691 1858 Pyth.
718 1819 809 1853 VIII,
843 1819 898 1849 29:
933 1819 994 1857 εἰμὶ
1019 1819 1046 1850 δ’
1077 1819 1221 1857 ἄσχολος
1244 1818 1403 1855 ἀναθέμεν
1425 1817 1436 1857 Η
1460 1819 1569 1848 πᾶσαν
1590 1817 1807 1855 μακραγορίαν
1832 1816 1843 1855 Η
1869 1816 1950 1855 λύρᾳ

154 1883 188 1905 τε
211 1873 262 1904 καὶ
284 1873 443 1912 φθέγματι
468 1875 629 1914 μαλθακῷ,
656 1872 667 1912 Η
690 1874 729 1910 μὴ
754 1874 850 1911 κόρος
874 1874 978 1904 ἐλθὼν
1001 1874 1102 1913 κνίσῃ.
1135 1874 1171 1904 τὸ
1195 1872 1222 1904 δ’
1247 1874 1281 1903 ἐν
1305 1873 1382 1903 ποσί
1417 1882 1467 1910 μοι
1492 1871 1610 1910 τράχον
1632 1871 1643 1910 Η
1666 1871 1721 1901 ἴτω
1746 1871 1820 1901 τεὸν
1844 1871 1949 1908 χρέος.

154 1927 180 1958 ὦ
210 1929 274 1966 παῖ,
307 1927 470 1959 νεώτατον
504 1929 611 1958 καλῶν
634 1927 645 1967 Η
669 1928 728 1967 ἐμᾷ
758 1928 902 1958 ποτανὸν
937 1928 1017 1966 ἀμφὶ
1052 1930 1187 1967 μαχανᾷ.
1244 1927 1381 1957 Deinde
1404 1925 1518 1955 Archa
1549 1935 1578 1957 τ’.
1602 1925 1714 1957 8-28
1743 1924 1950 1963 imaginibus

156 1981 346 2022 grandibus
370 1986 404 2013 et
425 1982 624 2017 illustribus,
661 1982 723 2012 sed
746 1982 925 2012 horrorem
951 1983 1055 2012 etiam
1078 1982 1321 2013 incutientibus
1343 1981 1472 2011 referta
1497 1987 1557 2011 est.
1615 1981 1810 2010 Adumbrat
1843 1984 1951 2019 poeta

156 2036 286 2076 paucis,
310 2037 372 2067 sed
393 2036 544 2076 ingentis
566 2036 703 2066 roboris
726 2036 823 2067 lineis
836 2036 993 2076 Typhois
1017 2042 1051 2067 et
1065 2036 1254 2075 Gigantum
1271 2037 1437 2066 adversus
1454 2036 1539 2065 deos
1554 2035 1766 2065 immortales
1781 2034 1948 2064 rebellan-

153 2090 238 2121 tium
261 2091 519 2121 consceleratos
543 2095 697 2122 conatus.
754 2090 871 2121 Oculis
907 2091 1035 2121 nostris
1070 2091 1350 2130 incomparabilis
1384 2090 1442 2120 illa
1476 2099 1595 2129 pugna
1631 2090 1848 2121 obversatur.
1881 2098 1950 2127 qua

154 2154 275 2184 regem
288 2143 487 2185 Gigantum,
508 2145 796 2184 Pmphyrionem,
822 2146 977 2176 sublimis
1001 2146 1088 2176 coeli
1112 2151 1146 2176 et
1170 2146 1313 2175 deorum
1330 2146 1413 2175 Rex
1437 2144 1575 2184 fulgure
1598 2144 1630 2174 in
1645 2144 1828 2173 Tartarum
1851 2152 1950 2180 prae-

156 2198 284 2239 cipitat,
308 2209 378 2239 qua
400 2199 538 2239 sagittis
561 2199 632 2229 suis
656 2199 786 2238 Apollo
819 2201 939 2230 hostes
963 2201 1221 2230 consceleratos
1245 2199 1400 2238 configit3
1434 2209 1462 2229 v.
1492 2199 1543 2229 15:
1580 2198 1631 2236 βία
1658 2199 1692 2228 δὲ
1717 2198 1767 2228 καὶ
1791 2197 1948 2234 μεγάλαυ-

154 2263 213 2292 χον
234 2253 379 2292 ἔσφαλεν
402 2254 437 2285 έν
459 2254 576 2295 χρόνῳ.
599 2253 611 2294 Η
634 2254 753 2292 Τυφὼς
788 2255 869 2286 Κίλιξ
904 2254 1141 2292 ἑκατόγκρανος
1165 2255 1202 2285 οὔ
1228 2265 1276 2285 νιν
1303 2254 1425 2291 ἄλυξεν,
1449 2253 1460 2292 Η
1483 2253 1559 2284 οὐδὲ
1582 2253 1642 2290 μὰν
1666 2252 1818 2290 βασιλεὺς
1843 2251 1949 2288 Γιγάν-

153 2316 231 2339 των·
256 2309 377 2346 δμᾶθεν
399 2309 434 2339 δὲ
460 2312 604 2350 κεραυνῷ
627 2307 638 2348 Η
660 2309 782 2341 τόξοισί
805 2310 831 2340 τ’
856 2304 1070 2348 Ἀπόλλωνος.
1105 2308 1176 2340 Sed
1200 2309 1289 2339 idem
1304 2309 1445 2348 Apollo,
1471 2315 1541 2337 tam
1565 2313 1666 2337 atrox
1692 2313 1725 2336 et
1749 2306 1949 2336 tremendus

1735 2363 1750 2386 2
