2140 3026
1010 151 1097 182 XIII

157 246 411 285 contemptiore
426 246 515 276 vitae
538 254 668 285 genere
692 254 815 274 nomen
841 244 1004 283 agricolis
1028 243 1094 273 illis
1111 243 1154 272 ab
1172 242 1397 282 optimatibus
1421 243 1597 273 sordidum
1615 253 1681 273 non
1703 244 1774 273 sine
1792 243 1951 273 irrisione

159 300 311 339 quadarn
334 299 477 329 inditum
499 304 569 329 est:
605 299 775 336 κονίποδες
809 298 866 328 vel
889 298 1149 335 κονιορτόποδες.
1194 296 1399 327 Plutarchus
1424 298 1563 337 optime.
1599 305 1762 337 quantum
1792 298 1951 327 ordinum

158 354 295 384 illorum
320 354 412 393 apud
435 353 642 392 Epidaurios
666 352 846 382 discrimen
870 358 905 382 et
928 352 1219 391 quemadmodum
1243 351 1352 382 omnis
1375 352 1406 381 in
1443 352 1620 391 republica
1654 352 1811 391 potentia
1843 361 1951 390 penes

160 407 324 447 patricias
346 407 421 437 illas
443 414 568 446 gentes
591 406 702 439 fuerit.
729 407 893 441 illustrat;
923 405 1012 436 Plut.
1037 405 1177 444 Quaest.
1202 404 1325 436 Graec.
1350 407 1383 436 l:
1420 407 1482 436 sub
1506 406 1570 436 hac
1593 406 1828 445 inscriptione:
1860 406 1952 443 Τίνες

159 462 195 493 ἐν
219 456 404 502 Ἐπιδαύρῳ
433 461 603 498 κονίποδες
634 461 684 491 καὶ
718 460 861 498 ἄρτυνοι;
896 459 1126 499 Reipublicae
1150 469 1283 489 summa
1306 460 1446 499 negotia
1470 466 1605 490 centum
1631 465 1665 490 et
1689 460 1868 499 octoginta
1890 459 1953 488 viri

161 516 339 551 curabant,
363 524 450 555 quos
473 524 517 544 ex
543 514 687 544 totidem
711 514 873 553 gentibus
896 513 1078 545 nobilibus.
1104 514 1258 553 singulos
1282 524 1301 544 e
1325 514 1478 553 singulis.
1514 514 1646 544 electos
1669 524 1745 544 esse
1769 513 1952 553 probabile

161 575 223 600 est.
268 569 322 599 Ex
345 578 463 600 eorum
487 577 629 599 numero
654 574 795 599 senatus
820 578 1018 608 paucorum,
1042 574 1077 598 ut
1100 568 1244 598 videtur.
1269 568 1419 608 capitum
1444 569 1648 607 eligebatur,
1673 568 1796 607 quibus
1821 567 1952 607 artynis

161 633 286 654 nomen
310 628 398 657 erat;
436 632 553 653 eorum
578 632 679 652 manu
715 623 833 652 clavus
856 623 1068 662 reipublicae
1091 623 1296 662 regebatur3
1330 622 1363 652 hi
1387 628 1421 652 et
1446 623 1685 653 deliberabant
1709 623 1751 652 de
1776 622 1954 661 republica

164 683 198 708 et
221 678 483 716 exequebantur
506 677 660 713 decreta3
698 687 775 706 nam
799 677 886 707 haec
910 677 1123 707 deliberandi
1147 682 1180 707 et
1205 677 1467 706 administrandi
1499 687 1639 707 munera
1664 677 1696 706 in
1719 677 1952 716 compluribus

161 731 331 763 Graeciae
347 731 544 762 civitatibus
561 731 720 761 distincta
735 740 802 760 non
816 730 932 769 fuisse,
958 731 1100 771 egregie
1117 731 1219 761 evicit
1231 730 1493 762 Schoemannus
1511 731 1542 760 in
1555 731 1760 770 Antiquitat.
1785 730 1907 761 Graec.
1924 730 1953 760 13

164 785 292 826 (Berol.
310 785 415 824 1871),
438 795 470 824 p.
486 786 554 816 150.
591 785 712 824 Itaque
725 786 768 815 de
780 784 849 815 fide
873 795 1000 815 eorum.
1026 795 1114 824 quae
1138 784 1341 814 Plutarchus
1359 785 1459 814 nobis
1476 784 1564 815 circa
1589 786 1674 815 haec
1692 784 1954 824 Epidauriorum

159 839 315 870 instituta
341 839 457 879 tradit,
480 840 707 870 dubitandum
731 849 797 869 non
822 844 882 870 est.
907 849 1115 878 quamquam
1139 838 1212 868 viro
1236 849 1377 870 summo.
1409 837 1443 868 C.
1469 838 1508 870 O.
1533 839 1755 872 Muellero.
1791 839 1953 878 Aeginet.

161 903 194 933 p.
206 894 266 925 134
282 893 338 924 lin.
351 895 392 925 20
405 900 567 933 suspecta
582 893 639 923 illa
652 894 725 923 visa
742 900 818 923 sunt
834 899 978 932 propter
991 903 1057 922 non
1075 892 1254 923 distinctas
1271 893 1485 923 deliberandi
1502 898 1535 923 et
1553 893 1744 923 deliberata
1758 893 1953 933 exequendi

159 948 352 979 facultates.
407 949 467 979 Ait
498 948 700 979 Muellerus:
733 946 856 987 fm‘ssc
879 949 988 976 (Μὴ-Νι
1013 947 1172 985 ἀρτύνους
1199 945 1279 976 istos
1305 947 1490 985 βουλευτάς.
1515 946 1593 987 qm's
1619 947 1800 977 Planius-lm
1823 947 1953 976 crcdrf?

160 1001 231 1033 Sed
265 1008 346 1041 post
378 1001 607 1034 Schoemanni
642 1001 910 1041 disputationem
946 1001 1154 1031 destinatum
1191 1007 1224 1030 et
1249 1000 1457 1031 offirmatum
1495 1008 1546 1031 est
1572 1002 1758 1032 Plutarcho
1795 1003 1952 1032 credere:

160 1056 277 1096 itaque
299 1056 545 1089 adscribamus.
571 1065 659 1095 quae
675 1056 732 1086 ille
750 1056 792 1085 de
804 1055 1068 1094 Epidauriorum
1082 1055 1292 1094 reipublicae
1309 1057 1448 1085 summis
1466 1056 1658 1086 rectoribus
1675 1056 1789 1087 tradit.
1820 1063 1952 1095 quaest.

159 1120 211 1150 gr.
242 1111 271 1141 l:
305 1111 334 1142 οἱ
368 1111 425 1148 μὲν
458 1111 494 1141 τὸ
530 1110 704 1147 πολίτευμα
737 1108 890 1149 [ἕχοντες,
927 1110 1018 1148 quod
1052 1110 1190 1149 supplet
1230 1109 1480 1149 XVyttenbach]
1517 1110 1718 1147 ὁγδοήκοντα
1752 1111 1802 1141 καὶ
1838 1111 1954 1141 ἑκατὸν

160 1164 277 1203 ἄνδρες
299 1164 392 1203 ἦσαν.
428 1165 462 1196 ἐκ
498 1166 533 1195 δὲ
554 1165 678 1195 τούτων
702 1165 841 1204 ᾑροῦντο
865 1165 1050 1202 βουλευτὰς.
1081 1165 1137 1202 οὓς
1159 1164 1317 1202 ἀρτύνους
1349 1164 1495 1195 ε’κάλουν.
1554 1164 1597 1194 Hi
1630 1164 1735 1204 igitur
1769 1165 1955 1204 optimates

162 1218 336 1249 tenuiores
359 1219 436 1249 illos
460 1219 492 1248 in
515 1219 610 1258 agris
635 1219 802 1258 degentes
823 1217 960 1248 nomine
983 1229 1002 1248 a
1036 1229 1073 1249 re
1096 1218 1204 1248 indito
1239 1219 1412 1256 κονίποδας
1446 1226 1694 1257 nuncuparunt.
1748 1218 1955 1249 Plutarchus

159 1274 180 1303 l.
204 1283 244 1304 s.:
268 1276 326 1305 τοῦ
349 1274 385 1304 δὲ
411 1274 512 1311 δήμου
534 1274 571 1304 τὸ
594 1275 746 1304 πλεῖστον
769 1273 804 1303 ἑν
827 1272 914 1312 ἀγρῷ
938 1274 1104 1311 διέτριβεν’
1130 1273 1306 1303 ἐκαλοῦντο
1330 1274 1364 1303 δὲ
1389 1273 1566 1310 κονίποδες.
1593 1273 1637 1311 ὡς
1661 1275 1834 1311 συμβαλεῖν
1857 1274 1955 1304 ἐστιν.

161 1326 225 1359 ἀπὸ
247 1330 312 1359 τῶν
336 1330 448 1359 ποδῶν
479 1328 704 1366 γνωριζόμενοι
732 1327 953 1363 κεκονιμένων.
987 1327 1086 1358 ὁπότε
1109 1327 1294 1357 κατέλθοιεν
1317 1326 1362 1364 εἰς
1385 1327 1443 1363 τὴν
1465 1327 1567 1357 πόλιν.
1623 1326 1786 1356 Formam
1809 1327 1955 1357 nominis

160 1382 348 1422 paullulum
374 1382 547 1412 diversam
565 1387 713 1412 testatur
738 1381 935 1420 Hesychius
957 1391 982 1411 s.
1000 1391 1030 1411 ι’.
1054 1382 1316 1419 κονιορτόποδες·
1342 1381 1494 1418 ἀγροῖκοι.
1519 1381 1658 1419 ἐργάται.
1691 1381 1764 1410 Iam
1788 1391 1865 1411 cum
1882 1391 1953 1412 cer—

161 1437 332 1467 tissimum
354 1437 407 1476 sit,
431 1435 625 1476 Aeginetas
647 1445 756 1475 usque
784 1436 829 1465 ad
853 1435 1097 1475 Olympiadem
1121 1435 1193 1465 fere
1218 1435 1284 1465 LX
1310 1445 1385 1465 cum
1409 1435 1613 1474 Epidauriis.
1635 1435 1837 1474 parentibus
1854 1435 1951 1474 quasi

162 1491 242 1527 suis,
265 1496 304 1521 ut
319 1491 479 1522 coloniae
495 1490 702 1524 auctoribus,
727 1490 1024 1520 coniunctissimos
1049 1499 1246 1528 eorumque,
1269 1496 1305 1519 ut
1330 1490 1540 1524 colonorum,
1571 1489 1746 1520 civitatem
1769 1489 1955 1529 imaginem

162 1545 428 1585 Epidauriorum
450 1545 684 1575 institutorum
708 1543 823 1581 fuisse.
845 1543 954 1574 facilis
979 1550 1030 1574 est
1054 1544 1261 1575 coniectura.
1297 1543 1458 1584 Aeginae
1481 1554 1620 1584 quoque
1647 1544 1744 1574 iuxta
1770 1544 1957 1574 sollemnes

161 1599 239 1629 illas
255 1598 406 1630 Doricas
429 1599 540 1629 tribus
562 1604 721 1637 quartam
744 1597 850 1629 fuisse
872 1598 1145 1638 Hyrnethiorum
1169 1598 1307 1628 tribum.
1331 1608 1400 1638 quo
1425 1598 1562 1629 nomine
1585 1605 1742 1629 veterum
1766 1598 1955 1628 incolarum

162 1653 344 1684 multitudo
382 1659 579 1692 nuncupata
615 1651 731 1685 fuerit;
771 1653 864 1692 quod
900 1652 1069 1682 Muellero
1111 1662 1249 1691 quoque
1293 1652 1384 1692 Aeg.
1419 1662 1450 1691 p.
1491 1653 1565 1684 140.
1606 1653 1660 1683 lin.
1698 1653 1736 1683 16
1776 1652 1957 1691 probabile

161 1707 271 1739 visum
295 1713 357 1738 est.

195 1875 243 1906 13.
287 1874 343 1906 De
358 1874 550 1905 nobilitatis
573 1873 802 1914 Aegineticae
825 1873 859 1903 in
881 1882 1028 1912 corpora
1052 1873 1194 1903 minora.
1220 1872 1353 1910 πάτρας,
1379 1872 1546 1902 divisione
1571 1877 1604 1901 et
1629 1872 1671 1901 de
1695 1871 1779 1901 satis
1803 1880 1926 1901 severo

743 1927 931 1966 primorum
954 1937 1037 1967 erga
1060 1927 1197 1966 plebem
1223 1927 1376 1966 imperio,

232 2059 234 2061 v
313 2020 474 2061 Aeginae
497 2020 602 2061 igitur
623 2030 756 2050 summa
778 2019 988 2059 reipublicae
1012 2025 1168 2059 potestas
1191 2028 1297 2058 penes
1320 2025 1446 2058 gentes
1469 2018 1603 2048 nobiles
1621 2024 1703 2048 erat.
1739 2017 1844 2047 Hisce
1860 2015 1956 2046 fami—

162 2075 216 2105 liis
236 2075 292 2105 vel
314 2074 520 2106 familiarum
544 2075 700 2105 coetibus
724 2084 848 2105 nomen
873 2080 947 2104 erat
971 2073 1185 2114 ‘safrarum'
1211 2073 1367 2113 tndrpui).
1405 2082 1549 2112 quarum
1582 2071 1746 2112 frequens
1782 2077 1834 2101 est
1866 2072 1959 2112 apud

163 2128 350 2159 Pindarum
372 2129 552 2166 memoria;
575 2129 671 2160 Pind.
696 2128 906 2168 Pyth.V111,
931 2129 983 2159 :381
1010 2128 1116 2158 αὔξων
1140 2128 1174 2158 δὲ
1198 2127 1322 2165 πάτραν
1346 2127 1523 2158 Μιδυλιδᾶν
1547 2127 1645 2163 λόγον
1669 2127 1797 2164 φέρεις;
1819 2125 1900 2156 Isth.
1915 2125 1958 2161 V,

163 2184 220 2214 63:
242 2184 301 2215 τὰν
314 2183 499 2222 Ψαλυχιδᾶν
515 2185 550 2215 δὲ
563 2184 688 2222 πάτραν
705 2184 850 2222 Χαρίτων
865 2183 876 2222 {l
892 2183 1023 2221 ἄρδοντι
1046 2181 1170 2221 δρόσψ;
1193 2180 1290 2210 Nem.
1305 2179 1380 2214 VII,
1398 2180 1454 2210 TO:
1477 2180 1629 2211 Εὐξενίδα
1646 2179 1788 2217 πάτραθε
1803 2179 1959 2217 Σώγενες.

164 2237 209 2267 Et
230 2243 353 2277 patrae
369 2237 506 2277 quidem
530 2239 592 2268 sub
610 2247 677 2268 uno
695 2237 829 2268 formae
852 2235 1114 2277 patronymicae
1137 2235 1275 2264 nornine
1299 2235 1494 2274 complures
1517 2233 1664 2263 familias
1688 2233 1960 2272 comprehende-

162 2292 257 2326 bant,
283 2301 372 2331 quae
398 2301 516 2322 omnes
540 2293 584 2322 ab
606 2301 672 2322 uno
702 2292 808 2322 heroe
842 2300 1016 2330 eponymo
1041 2289 1193 2329 origines
1218 2290 1433 2329 repetebant.
1492 2287 1709 2328 Quamquam
1741 2297 1808 2318 una
1841 2297 1959 2318 rursus
