2140 3026
1040 154 1109 184 XV

177 253 221 283 de
247 251 424 292 prodenda
457 251 558 281 etiam
583 249 740 280 hostibus
774 247 886 287 patria
909 247 1050 277 consilia
1080 246 1186 277 iniret.
1243 245 1476 276 Athenienses
1511 256 1594 276 vero
1629 247 1673 276 ad
1703 247 1791 277 tales
1819 254 1969 278 conatus

178 306 395 337 adiuvandos
418 304 664 345 promptissimi
689 312 826 342 semper
850 307 965 337 erant;
1000 310 1116 332 eorum
1146 300 1373 339 potissumum
1398 300 1526 330 auxilio
1551 299 1629 330 freti
1654 301 1708 331 vel
1732 302 1830 331 clade
1854 302 1968 341 aliqua

177 367 324 400 accepta
346 360 599 390 machinatores
622 357 668 387 illi
696 367 785 387 nova
811 366 948 395 semper
976 354 1117 385 consilia
1151 355 1259 384 moliti
1292 360 1378 385 sunt.
1439 354 1547 384 Unius
1579 354 1651 385 eius
1684 356 1823 395 generis
1859 357 1969 386 rebel-

180 415 280 445 lionis
305 414 387 444 satis
412 413 552 453 copiose
573 411 776 442 Herodotus
812 410 990 441 historiam
1019 408 1172 439 narravit
1195 409 1254 444 VI,
1279 409 1412 440 88—92.
1467 409 1590 440 Incidit
1614 419 1668 439 res
1692 410 1724 439 in
1749 420 1872 440 annum
1897 410 1968 441 fere

177 469 231 500 Ol.
253 469 301 504 72,
326 470 344 499 2
368 469 416 506 (=
441 467 498 498 491
525 477 554 497 a.
579 465 679 502 Chr.).
726 465 808 495 Erat
833 465 1061 495 Nicodromus
1087 464 1235 503 quidam,
1264 463 1409 494 Cnoethi
1432 462 1532 495 filius,
1566 464 1632 503 qui,
1670 474 1745 494 cum
1769 465 1901 497 iniuste.
1932 472 1968 496 ut

177 523 252 563 ipse
276 522 489 562 opinabatur,
514 520 629 560 priore
651 520 718 549 iam
742 525 899 558 tempore
923 519 966 548 ab
991 518 1223 557 optimatibus,
1249 528 1337 558 quos
1361 518 1425 557 ipsi
1444 518 1642 558 Aeginetae
1658 522 1771 558 παχεῖς
1789 521 1968 559 appellare

177 581 428 607 consueverant
452 575 595 614 (Herod.
613 573 672 608 VI,
697 574 758 613 915,
782 573 886 604 exilio
904 573 1065 603 multatus
1088 578 1189 612 esset,
1213 573 1337 603 deinde
1361 573 1545 603 acerbatus
1569 574 1726 609 redisset,
1751 580 1787 604 ut
1811 575 1967 605 iniuriam

180 630 401 661 ulcisceretur
435 635 468 659 et
490 628 638 668 patriam
669 637 857 667 paucorum
890 627 999 657 invisa
1033 627 1090 657 illa
1114 627 1348 657 dominatione
1377 627 1549 661 liberaret,
1586 638 1661 658 cum
1686 628 1967 663 Atheniensibus.

179 685 304 716 eodem
327 689 484 723 tempore
508 683 730 713 vehementer
743 682 993 722 Aeginetarum
1018 683 1148 722 populo
1172 681 1279 719 iratis,
1303 681 1481 711 consilium
1505 683 1714 721 composuit:
1745 684 1799 714 die
1824 685 1967 723 praesti-

176 744 253 769 tuta
276 737 508 768 Athenienses
532 738 576 767 ad
601 737 772 777 Aeginam
796 746 871 766 cum
896 737 1007 766 classe
1030 742 1173 775 paratos
1198 746 1274 766 esse
1299 742 1472 775 oportere.
1507 737 1626 767 eadem
1656 737 1711 767 die
1740 748 1777 768 se
1801 749 1876 769 cum
1900 738 1967 769 fac-

179 792 281 823 tionis
305 792 407 822 sociis
431 791 614 831 antiquam,
647 800 735 830 quae
759 795 910 821 vocetur.
945 790 1064 820 urbem
1089 801 1133 821 ex
1157 790 1343 830 improviso
1367 797 1622 830 occupaturum.
1667 791 1709 822 Et
1733 793 1807 832 ipse
1830 794 1967 832 quidem

176 846 347 886 promisso
373 846 477 879 stetit,
513 855 626 876 arcem
655 845 745 874 illam
770 844 966 883 occupavit:
1001 844 1242 879 Athenienses,
1277 845 1402 884 quibus
1434 846 1478 875 ad
1501 846 1638 876 navium
1672 857 1850 877 numerum
1886 859 1965 888 sup-

179 901 343 940 plendum
360 910 380 930 a
394 899 576 930 Corinthiis
593 900 727 929 demum
743 908 850 928 naves
867 899 1033 929 emendae
1050 905 1175 933 essent,
1197 909 1263 929 uno
1282 900 1336 929 die
1353 905 1433 939 post
1451 905 1588 939 tempus
1603 908 1809 931 conventum
1826 909 1967 941 praesto

176 954 321 989 fuerunt,
346 954 476 984 Herod.
492 953 550 987 VI,
574 953 625 983 89:
650 953 699 983 καὶ
722 952 904 990 ὑστέρησαν
927 952 1026 993 ἡμέρῃ
1052 957 1103 994 μιῇ
1127 957 1185 992 τῆς
1205 955 1424 992 συγκειμένης.
1459 954 1599 985 Nefario
1615 955 1673 985 illo
1693 956 1834 986 consilio
1852 957 1967 996 palam

178 1009 271 1039 facto
295 1009 539 1039 Nicrodromus
563 1017 638 1037 cum
663 1006 763 1037 sociis
787 1017 875 1037 nave
899 1017 1086 1037 conscensa
1110 1007 1245 1048 aufugit
1271 1014 1305 1038 et
1334 1009 1377 1038 ab
1403 1009 1675 1039 Atheniensibus
1699 1009 1841 1041 Sunium
1874 1012 1968 1042 habi-

176 1063 317 1094 tandum
343 1061 483 1102 accepit.

325 1116 396 1146 Iam
419 1126 501 1146 vero
524 1116 613 1146 hunc
637 1115 835 1145 Nicodromi
860 1122 1018 1146 conatum
1042 1116 1188 1147 minume
1211 1127 1398 1156 paucorum
1422 1118 1597 1148 hominurn
1615 1119 1837 1159 desperatam
1855 1131 1967 1151 arnen-

177 1171 259 1202 tiam
281 1170 396 1211 fuisse,
420 1181 470 1205 ea,
494 1180 583 1209 quae
607 1170 790 1200 subsecuta
814 1176 900 1204 sunt,
924 1171 1016 1201 clare
1039 1171 1272 1201 ostenderunt.
1308 1171 1405 1201 Mota
1429 1172 1515 1202 enim
1533 1172 1779 1204 aNicodromo
1797 1175 1967 1205 seditione

177 1232 341 1266 tanquam
367 1235 385 1255 e
406 1225 600 1264 composito
633 1225 793 1255 universa
823 1226 924 1264 plebs
958 1226 1001 1255 ad
1039 1236 1134 1256 arma
1166 1232 1386 1256 concurrerat
1419 1227 1463 1256 ad
1487 1227 1755 1258 dominationem
1779 1239 1966 1268 paucorum

175 1280 426 1311 excutiendam.
473 1278 544 1309 Sed
567 1281 680 1317 παχεῖς
716 1279 771 1312 illi,
809 1279 978 1310 continuis
1013 1290 1186 1310 armorum
1222 1286 1256 1311 et
1278 1281 1362 1310 artis
1395 1282 1636 1321 gymnasticae
1671 1284 1793 1314 studiis
1818 1285 1862 1314 ad
1885 1285 1967 1314 talia

175 1334 302 1365 eximie
328 1333 520 1367 exercitati,
545 1333 723 1363 seditionis
747 1334 894 1373 hydram
918 1335 1158 1365 contuderunt.
1191 1335 1264 1365 Nec
1288 1335 1411 1366 leniter
1427 1336 1484 1365 illa
1502 1336 1647 1367 victoria
1671 1338 1722 1367 usi
1747 1344 1833 1369 sunt.
1868 1339 1967 1373 Nam,

175 1389 468 1429 quemadmodum
503 1394 620 1418 narrat
654 1387 864 1424 Herodotus,
900 1399 944 1419 ex
981 1389 1055 1424 illis,
1090 1399 1178 1429 quos
1209 1389 1241 1419 in
1275 1400 1394 1429 pugna
1430 1398 1689 1431 superaverant,
1726 1393 1968 1433 septingentos

176 1444 333 1484 captivos
357 1443 401 1473 ad
436 1442 638 1482 supplicium
663 1443 889 1474 abduxerunt.
945 1443 998 1474 Ac
1026 1444 1241 1483 praeteribat
1274 1444 1371 1475 triste
1406 1445 1488 1475 illud
1523 1455 1649 1485 agmen
1684 1447 1807 1477 aedem
1833 1448 1968 1480 Cereris

175 1497 439 1537 Thesmophori.
497 1497 583 1526 Turn
616 1507 702 1526 unus
735 1506 779 1526 ex
813 1497 946 1528 miseris
977 1498 1041 1528 illis
1064 1498 1237 1537 perruptis
1258 1499 1401 1529 vinculis
1424 1509 1525 1529 cursu
1548 1501 1592 1530 ad
1617 1501 1704 1531 illius
1728 1503 1824 1533 aedis
1847 1504 1968 1534 valvas

175 1552 332 1592 confugit
354 1551 582 1591 manibusque
606 1551 674 1581 suis
700 1551 878 1581 valvarum
903 1562 1004 1582 ansas
1029 1562 1106 1583 eum
1130 1553 1163 1583 in
1186 1553 1324 1583 modum
1348 1553 1478 1584 viribus
1509 1560 1653 1594 propter
1688 1556 1969 1596 desperationem

177 1617 281 1647 supra
303 1607 486 1637 humanam
511 1612 668 1636 naturam
687 1606 794 1636 auctis
817 1606 966 1641 retinuit,
990 1612 1025 1637 ut
1046 1607 1140 1637 nullo
1157 1608 1261 1638 modo
1278 1608 1380 1639 avelli
1402 1614 1529 1648 posset.
1566 1609 1651 1640 Inde
1672 1609 1822 1650 ingentis
1844 1612 1968 1651 piaculi

175 1671 299 1692 caussa
322 1666 398 1691 orta
422 1666 489 1694 est;
513 1670 589 1690 cum
612 1660 706 1690 illum
729 1660 906 1691 carnifices
929 1661 975 1691 illi
992 1661 1120 1692 frustra
1137 1661 1297 1702 abripere
1313 1667 1532 1702 temptarent,
1558 1664 1669 1694 securi
1693 1672 1832 1705 arrepta
1848 1676 1968 1696 manus

174 1720 397 1755 amputarunt
421 1725 576 1754 eumque,
609 1721 713 1745 atrox
745 1715 847 1755 dictu,
881 1716 929 1746 sic
953 1716 1025 1747 sine
1049 1716 1206 1747 manibus
1230 1717 1273 1747 ad
1297 1722 1444 1747 mortem
1467 1717 1701 1755 abduxerunt;
1738 1729 1858 1750 manus
1883 1730 1966 1751 vero

177 1770 256 1800 illae
279 1769 456 1800 abscissae
477 1775 638 1809 portento
670 1768 762 1800 facto
796 1779 870 1800 cum
906 1769 999 1799 ansis
1033 1770 1210 1799 valvarum
1243 1769 1346 1809 plane
1369 1776 1632 1807 concreverant;
1667 1771 1798 1803 Herod.
1823 1773 1882 1808 VI,
1914 1774 1969 1805 91:

175 1826 280 1863 χεῖρες
304 1825 339 1856 δὲ
364 1824 479 1855 ἐκεῖναι
502 1825 709 1862 ἐμπεφυκυῖαι
732 1823 817 1861 ἦσαν
841 1826 910 1862 τοῖς
932 1825 1179 1862 ἐπισπαστῆρσι.
1225 1824 1301 1854 Hoc
1324 1824 1505 1863 piaculum.
1531 1825 1693 1864 quamdiu
1720 1825 1754 1855 in
1777 1826 1888 1857 insula
1907 1838 1969 1858 sua

176 1877 312 1913 fuerint,
335 1888 508 1918 nunquam
533 1878 727 1917 Aeginetas
763 1878 967 1918 extinguere
1003 1878 1169 1917 potuisse,
1205 1878 1404 1909 Herodotus
1433 1884 1551 1909 censet
1574 1879 1593 1910 1.
1618 1890 1658 1910 s:
1704 1879 1768 1911 ἀπὸ
1792 1882 1909 1913 τούτου
1933 1883 1968 1914 δὲ

176 1933 228 1964 καὶ
250 1932 330 1971 ἄγος
354 1940 413 1971 σφι
437 1933 573 1970 ἐγένετο,
608 1933 644 1963 τὸ
668 1933 863 1963 ἐκθύσασθαι
898 1933 956 1964 οὐκ
979 1932 1039 1964 οἶοί
1062 1943 1095 1963 τε
1121 1933 1265 1969 ἐγίνοντο
1289 1933 1572 1971 ἐπιμηχανώμενοι,
1606 1933 1674 1964 ἀλλ’
1707 1934 1857 1973 ἔφθησαν
1880 1936 1970 1968 ἐκπε-

174 1986 293 2025 σόντες
317 1987 477 2025 πρότερον
500 1987 534 2017 ἐκ
557 1988 613 2024 τῆς
637 1989 739 2024 νήσου
762 1986 779 2024 ἤ
805 1994 884 2025 σφιν
906 1987 1003 2018 ἵλεων
1027 1988 1178 2023 γενέσθαι
1201 1988 1258 2025 τὴν
1282 1988 1367 2018 θεόν.
