2140 3026
1044 157 1169 188 XXVI

218 257 335 287 indicis.
351 257 434 285 hacc
452 253 583 293 species
601 259 686 283 orat:
711 251 800 290 ἀρχά.
816 250 963 287 μεταρχά.
986 247 1176 285 κατατροπά.
1201 245 1474 284 μετακατατροπά,
1492 245 1652 283 ὀμφαλός,
1666 245 1817 284 σφραγίς,
1831 246 1990 285 ἐπίλογος.

219 310 432 346 l’ostvrioris,
469 308 499 337 in
533 317 601 347 quo
625 313 703 346 post
727 305 1038 343 Metacatatropam
1072 301 1250 331 traiectam
1278 300 1458 330 Metarcha
1492 299 1523 329 vi
1559 309 1621 329 sua
1653 299 1817 338 peculiari
1849 300 1997 340 privata,

219 364 374 403 lipurclm
397 368 516 392 contra
538 362 581 390 ad
606 360 747 390 membri
772 358 873 388 soluti
898 363 932 387 et
955 366 1108 387 seorsum
1125 355 1301 386 constituti
1325 355 1528 395 dignitatem
1553 360 1676 385 evecta
1692 359 1752 390 est,
1779 355 1833 384 hic
1848 355 1996 394 partium

217 419 301 447 urdo
327 417 400 447 fuit:
421 416 552 454 ἑπαρχά,
577 415 667 453 ἀρχά,
693 412 887 451 κατατροπά,
911 411 1067 450 ὀμφαλός,
1091 409 1369 448 μετακατατροπὰ,
1391 409 1544 448 σφραγίς,
1568 409 1727 446 ἐπίλογος.

364 471 486 500 Pollux
512 469 615 508 igitur
637 468 718 507 quid
741 469 826 497 haec
846 465 994 505 partium
1018 463 1200 494 diversitas
1225 463 1288 494 sibi
1312 464 1426 497 vellet,
1463 463 1553 493 haud
1578 463 1662 493 satis
1685 462 1898 502 perspiciens
1922 473 1997 493 eam

216 527 304 556 haud
329 525 430 554 dubie
452 533 514 563 pro
538 523 621 552 artis
644 521 898 552 citharoedicae
921 518 1029 558 copiis
1052 518 1121 548 suis
1143 517 1347 547 luxuriantis
1369 517 1446 547 lusu
1469 517 1619 557 quodam
1643 517 1773 547 habuit.
1825 516 1941 556 Quare
1966 517 1997 547 in

216 590 281 609 una
305 589 345 608 ea
369 588 405 608 re
429 587 466 606 se
489 576 663 610 continuit,
701 581 737 605 ut
761 585 804 605 ex
826 574 1019 614 posteriore
1050 573 1160 603 indice
1186 572 1379 612 Eparcham
1414 573 1584 603 delibaret
1614 582 1759 612 eamque
1789 573 1867 602 loco
1891 571 1998 602 infeli-

216 633 352 663 cissimo
377 632 471 661 iuxta
494 630 707 660 Metarcham
730 629 905 663 insereret,
937 638 978 658 eo
1011 627 1103 657 haud
1139 626 1241 657 dubie
1275 636 1392 657 errore
1414 631 1551 666 captus:
1596 626 1790 667 Eparcham
1825 627 1856 656 in
1888 627 1998 656 altero

216 695 393 716 nomon-um
417 694 545 724 genere
569 684 612 713 ad
636 683 926 722 compensandam
949 681 1150 711 Metarchae
1178 681 1343 711 iacturam
1367 680 1588 711 substitutam
1623 691 1709 711 esse.
1761 680 1878 720 Quare
1912 681 2000 711 inter

219 740 398 780 Eparchae
413 744 447 769 et
459 738 659 769 Metarchae
671 737 809 767 nomina
821 736 913 775 apud
928 736 1102 765 Pollucem
1113 735 1132 772 ἤ
1146 734 1348 774 particulam
1363 733 1534 765 excidisse
1545 735 1760 766 crediderim.
1784 745 1859 765 cum
1878 736 1998 766 Pollux

215 795 357 824 alteram
378 793 409 823 in
426 793 565 823 alterius
588 793 700 822 locum
724 790 821 830 quasi
845 789 1025 819 suffectam
1049 788 1257 828 opinaretur.
1293 787 1454 819 Ceterum
1471 787 1617 819 Pollucis
1639 798 1806 829 perversa
1829 789 1998 820 scribendi

214 848 301 878 ratio
325 857 366 878 ea
388 846 536 876 fortasse
559 856 596 876 re
619 844 777 875 excusari
799 848 925 883 potest,
958 843 1051 882 quod
1081 852 1150 873 non
1178 847 1249 872 tam
1282 842 1433 873 indicare
1457 842 1574 880 voluit,
1611 843 1755 873 alteram
1790 853 1854 883 pro
1889 844 1999 874 altera

214 907 314 941 prout
338 900 544 932 citharoedis
565 899 730 938 libuisset,
755 898 914 928 substitui
935 897 1080 931 licuisse.
1105 906 1208 936 quam
1232 897 1276 927 acl
1292 897 1428 937 pondus
1452 897 1544 932 illud,
1571 898 1664 937 quod
1681 897 1823 927 dimidia
1839 898 1997 928 carminis

213 965 294 995 pars
318 960 396 985 ante
420 953 618 992 omphalum
642 952 705 982 sibi
727 953 906 992 poscebat,
932 951 1139 991 explendum
1161 951 1328 981 utramvis
1353 961 1464 991 aeque
1487 957 1605 991 aptam
1634 957 1668 982 et
1702 951 1859 981 idoneam
1883 951 1998 983 fuisse.

317 1009 402 1039 Tam
419 1008 533 1039 tenuia
555 1008 671 1037 hercle
694 1011 728 1036 et
752 1006 992 1037 evanescentia
1014 1006 1183 1037 interdum
1202 1006 1260 1036 illa
1275 1005 1424 1045 vestigia
1447 1011 1534 1042 sunt,
1559 1005 1684 1045 quibus
1699 1006 1860 1035 utendum
1884 1010 2000 1037 tamen

213 1070 265 1094 est
287 1065 330 1093 ad
355 1063 493 1093 abditos
517 1061 729 1101 antiquitatis
752 1062 934 1091 thesauros
957 1060 1192 1100 reperiendos,
