2140 3026
985 160 1051 191 VII

122 261 250 302 optimi,
273 258 487 298 Amphiarai,
520 257 553 287 in
576 257 660 286 urbe
693 254 787 285 socia
819 259 853 283 et
876 258 1026 292 cognata
1052 252 1133 282 culti
1157 251 1268 285 (Pind.
1298 251 1393 281 Nem.
1417 249 1462 284 X,
1494 250 1537 289 ὃ),
1561 250 1637 279 loco
1662 248 1821 279 carminis
1844 254 1913 278 tarn

122 315 308 355 conspicuo
332 312 539 344 mentionem
563 311 712 341 iniceret.
770 308 848 338 Fuit
887 306 1045 346 profecto
1078 306 1165 335 haec
1188 306 1347 335 modesta
1383 310 1415 335 et
1448 304 1506 343 pia
1538 304 1673 333 illorum
1699 303 1913 333 saeculorum

122 369 291 401 sentiendi
315 373 349 399 et
374 365 551 407 cogitandi
575 364 672 398 ratio,
709 368 746 393 ut
769 361 979 392 hereditaria
1011 361 1043 390 in
1068 359 1283 399 Amphiarao
1315 365 1349 389 et
1373 358 1587 389 Alcmaeone
1612 358 1721 388 virtus
1745 367 1820 387 cum
1845 356 1914 386 Ae-

121 424 293 464 gineticae
317 421 492 452 cuiusdam
515 418 665 449 familiae
689 417 815 446 virtute
838 414 1049 446 hereditaria
1071 419 1274 453 comparata
1307 414 1375 443 iam
1413 413 1496 443 satis
1535 418 1628 443 esset
1663 413 1707 442 ad
1730 412 1914 451 imaginem

122 477 387 510 benevolentiae
411 480 445 506 et
467 473 606 507 tutelae,
630 482 697 511 qua
720 472 843 501 heroes
867 469 914 499 illi
938 469 1132 508 Aeginetas
1156 473 1457 507 prosequerentur,
1483 467 1712 498 excitandam.

243 656 270 686 5.
317 652 484 684 Carminis
507 651 570 691 Py.
595 650 678 680 VIII
703 649 935 689 Sphragidem
959 649 1070 688 ipsam
1093 658 1211 679 rursus
1235 648 1422 679 secundum
1446 648 1559 686 legem
1584 647 1804 685 mesodicam⁷

613 704 805 735 minutioris
828 703 920 734 nomi
942 703 1059 743 instar,
1084 702 1311 742 compositam
1334 711 1419 732 esse.

284 800 328 830 Et
350 799 451 830 huius
474 798 612 838 quidem
636 796 901 827 benevolentiae
926 797 1067 826 heroum
1092 795 1350 829 Thebanorum,
1373 805 1475 834 quam
1498 796 1531 824 in
1556 794 1719 833 omphalo
1744 794 1912 823 Pindarus

123 856 247 887 tectius
273 853 538 894 significaverat,
563 852 715 892 apertius
739 851 842 881 etiam
859 850 1018 880 indicium
1038 850 1070 880 in
1087 850 1350 890 Aletacalalmpa
1367 855 1538 879 memorat
1553 848 1645 890 ljvllz.
1668 849 1679 878 Ῑ
1688 849 1758 883 Yll,
1775 849 1917 879 56—60.

123 911 251 941 Narrat
272 909 332 939 ibi:
367 918 444 938 curn
472 917 582 947 nuper
606 906 764 945 Delphos
803 905 847 934 ad
870 905 971 934 ludos
995 904 1141 944 Pythios
1172 905 1383 943 spectandos
1407 903 1691 943 proficisceretur,
1727 903 1759 933 in
1797 903 1917 933 itinere

127 964 377 994 Alcmaeonem
398 962 534 993 obviarn
558 961 622 991 sibi
645 960 782 995 factum,
807 959 995 999 (incertum,
1020 969 1099 989 num
1123 959 1156 989 in
1181 959 1325 993 somnio,
1353 969 1395 989 an
1420 959 1559 989 oraculo
1584 959 1703 997 edit0‚)
1727 964 1760 988 et
1785 958 1828 988 de
1852 958 1918 987 vic-

124 1019 212 1050 toria
235 1016 468 1048 Aristomenis
493 1015 608 1045 futura
633 1013 794 1044 vaticinio
819 1013 912 1043 edito
937 1013 1119 1044 certiorem
1144 1023 1220 1044 sese
1244 1013 1378 1044 fecisse.
1434 1013 1511 1043 Hoc
1543 1023 1684 1053 quoque
1717 1019 1852 1052 spectat
1876 1013 1920 1042 ad

125 1073 452 1113 praesentissumam
476 1070 569 1099 illam
593 1070 737 1100 deorum
761 1078 874 1108 opem,
909 1068 1004 1098 cuius
1027 1068 1202 1098 cotidiana
1226 1068 1443 1107 experientia
1475 1069 1580 1098 robur
1603 1074 1759 1097 nostrum
1783 1066 1920 1097 firmare

126 1134 169 1162 et,
193 1132 230 1157 ut
253 1126 301 1156 ita
325 1125 445 1160 dicam,
470 1124 668 1155 medullitus
693 1123 923 1153 corroborare
946 1122 1065 1162 possit.
1112 1121 1183 1153 Sed
1207 1123 1368 1153 carminis
1385 1122 1486 1162 Pyth.
1502 1122 1586 1152 VIII
1602 1122 1920 1161 ponderosissimae

126 1181 218 1211 haud
243 1179 346 1210 dubie
370 1178 562 1210 sententiae
585 1178 618 1207 in
640 1175 834 1217 sphragide
856 1187 884 1206 w.
909 1178 1038 1208 61—97
1061 1183 1307 1216 proponuntur,
1348 1187 1451 1217 quam
1488 1177 1616 1207 eximia
1650 1183 1724 1207 arte
1749 1183 1782 1207 et
1805 1187 1921 1207 aman-

126 1235 260 1266 tissimo
285 1234 398 1265 studio
422 1238 529 1273 poeta
553 1232 756 1272 composuit.
800 1231 874 1261 Hac
896 1229 1079 1271 sphragide
1103 1229 1205 1260 nervi
1222 1229 1390 1260 carminis
1409 1229 1649 1263 continemur,-
1681 1231 1713 1261 in
1735 1232 1799 1261 hac
1822 1238 1922 1271 parte

128 1290 299 1321 Pindarus
322 1289 460 1319 intimos
480 1297 600 1318 sensus
624 1288 667 1317 de
691 1287 794 1317 rebus
817 1286 975 1316 humanis
999 1290 1032 1315 et
1056 1284 1270 1315 fortunarum
1294 1286 1519 1315 humanarum
1537 1285 1653 1315 divina
1668 1286 1923 1325 gubernatione

126 1344 318 1385 profitetur.
362 1343 441 1373 Non
464 1347 593 1376 nostra,
617 1341 803 1377 hominum,
827 1345 880 1370 est
903 1340 963 1377 vis,
988 1350 1056 1379 qua
1079 1339 1268 1378 quidquam
1292 1340 1473 1379 pollemus,
1509 1341 1570 1370 sed
1595 1340 1629 1369 id
1654 1350 1755 1370 omne
1779 1341 1921 1371 deorum

129 1405 181 1429 est
204 1398 341 1427 donum.
398 1395 567 1435 Sphragis
597 1395 686 1425 hanc
721 1394 984 1433 compositionis
1006 1394 1121 1434 legem
1148 1394 1310 1434 sequitur,
1346 1400 1382 1424 ut
1411 1395 1495 1434 ipsa,
1531 1395 1617 1425 sicut
1641 1400 1750 1425 totum
1775 1405 1922 1432 carmen,

127 1452 306 1483 mesodica
328 1460 446 1481 rursus
480 1449 524 1480 sit
555 1455 588 1480 et
619 1449 779 1479 minutior
804 1449 944 1488 quidam
968 1458 1103 1487 nomus;
1142 1450 1271 1478 constat
1292 1447 1384 1478 cmm
1407 1448 1558 1489 quinque
1575 1448 1744 1489 pastibus,
1778 1460 1922 1490 quarum

129 1517 197 1537 una
220 1506 334 1537 media
355 1511 417 1540 est,
441 1505 617 1542 mesodus3
642 1515 661 1534 e
684 1509 848 1543 quattuor
870 1503 1012 1543 reliquis
1029 1504 1118 1533 duae
1142 1508 1221 1533 ante
1245 1502 1393 1533 mediam
1417 1508 1551 1542 partem
1567 1504 1705 1543 positae
1722 1510 1809 1542 sunt⁷
1834 1505 1922 1535 duae

128 1571 204 1592 eam
230 1560 416 1600 excipiunt.
470 1558 588 1589 Media
626 1557 825 1599 sphragz'dz's
842 1561 926 1598 pars
949 1568 977 1589 v.
1001 1557 1130 1590 78—-87
1163 1558 1301 1588 laudem
1330 1557 1470 1588 victoris
1494 1558 1725 1589 Aristomenis
1751 1559 1923 1598 continet;

129 1619 330 1646 enarrantur
353 1614 426 1644 eius
450 1613 614 1644 victoriae
637 1623 715 1643 eum
747 1613 780 1642 in
803 1613 952 1647 modum,
985 1617 1021 1642 ut
1046 1613 1073 1642 si
1108 1612 1161 1643 cui
1183 1623 1333 1651 unquam
1358 1612 1448 1642 iusta
1471 1613 1643 1652 gloriandi
1666 1623 1788 1643 caussa
1811 1613 1922 1647 fuerit,

128 1680 205 1701 eum
229 1669 488 1700 Aristomenem
524 1678 600 1698 esse
629 1668 864 1707 praedicetur3
900 1667 988 1697 inest
1022 1667 1217 1697 misericors
1251 1677 1362 1706 paene
1397 1667 1675 1697 adversariorum
1711 1668 1924 1698 devictorum

128 1724 255 1755 mentio
279 1734 309 1754 v.
333 1724 388 1754 85:
436 1722 513 1754 οὐδὲ
543 1722 709 1760 μολόντων
746 1722 822 1760 παρ’
861 1722 970 1760 ματέρ’
1005 1721 1085 1760 ἀμφὶ
1118 1722 1222 1760 γέλως
1256 1722 1374 1759 γλυκὺς
1393 1721 1526 1761 Ηῶρσεν
1559 1721 1662 1760 χάριν·
1687 1723 1767 1753 κατὰ
1801 1723 1923 1761 λαύρας

128 1778 281 1817 δ’ἑχθρῶν
305 1777 444 1815 ἀπάοροι
460 1776 471 1817 Η
486 1777 682 1815 πτώσσοντι,
706 1779 859 1816 συμφορᾷ
885 1776 1095 1813 δεδαιγμένοι.
1143 1776 1297 1815 Egregia
1326 1777 1431 1816 igitur
1453 1777 1485 1806 in
1510 1776 1734 1807 Aristomene
1759 1777 1866 1807 virtus
1891 1784 1925 1808 et

129 1833 305 1873 singulare
330 1832 437 1862 robur
461 1831 611 1861 eminuit.

425 2000 454 2030 6.
501 1999 556 2029 De
580 1998 668 2028 binis
692 1996 898 2036 Sphragidis
922 1997 1078 2036 partibus
1102 2002 1136 2026 et
1163 2002 1243 2027 ante
1267 2002 1299 2027 et
1322 2002 1404 2036 post
1431 1998 1619 2028 mesodum.

281 2090 353 2120 Iam
378 2091 405 2120 si
427 2089 525 2120 binas
549 2089 629 2120 illas
645 2091 770 2130 parfes,
808 2099 898 2129 quae
935 2095 968 2119 et
992 2090 1200 2119 antecedunt
1235 2089 1415 2120 mesodum
1440 2095 1473 2119 et
1497 2095 1696 2129 sequuntur,
1733 2091 1926 2122 accuratius

132 2145 413 2184 contemplemur,
438 2144 537 2175 facile
560 2152 716 2184 apparet,
740 2148 869 2183 quanto
894 2143 1126 2183 cogitatorum
1149 2144 1303 2182 pondere
1328 2145 1511 2175 excellant⁴
1545 2144 1684 2175 Priores
1701 2145 1790 2175 duae
1807 2151 1924 2184 partes

131 2208 249 2229 earum
272 2199 493 2230 victoriarum
517 2205 550 2230 et
574 2199 827 2238 triumphorum
850 2208 969 2229 veram
1004 2197 1172 2237 originem
1197 2198 1382 2237 explicant,
1419 2208 1494 2228 cum
1528 2199 1741 2238 posteriores
1763 2199 1929 2238 gravissi-

131 2263 222 2283 mum
245 2259 486 2293 praeceptum:
510 2264 578 2284 non
602 2253 740 2283 nimium
764 2253 841 2282 huic
866 2252 1025 2282 fortunae
1049 2251 1224 2282 fidendum
1250 2263 1336 2287 esse,
1361 2252 1541 2283 illustrent.
1576 2253 1615 2283 Id
1639 2253 1705 2283 iam
1724 2253 1923 2293 singillatim

130 2308 412 2347 percensendum.
460 2307 574 2338 Prima
597 2308 703 2348 igitur
720 2310 805 2348 pars
827 2317 856 2338 τ’.
879 2307 1007 2338 61-72
1030 2307 1264 2346 precationem
1297 2307 1447 2337 continet
1484 2309 1527 2337 ad
1553 2307 1752 2347 Apollinem
1788 2318 1929 2339 conver-
