2140 3026
1080 147 1165 178 xlv

241 255 282 274 .·x
309 244 463 272 munibus
490 242 615 271 familia
654 241 733 270 illud
770 240 872 270 totius
907 246 1026 278 patrae
1062 247 1183 267 nomen
1217 244 1252 267 ut
1286 237 1349 266 sibi
1388 247 1548 267 maxume
1571 238 1747 277 proprium
1777 246 1809 269 et
1830 239 2016 279 genuinum

240 306 373 335 svinpvr
396 297 438 325 ad
465 306 500 325 se
526 295 718 324 vindicasse
743 294 885 326 videtur.
920 302 1022 331 quom
1060 302 1096 321 se
1131 300 1230 320 unam
1254 291 1446 321 arctissimo
1479 291 1630 330 sanginis
1654 292 1788 322 vinculo
1812 302 1887 323 cum
1910 299 2015 323 atavo

238 351 293 379 illu
319 350 530 379 cuniunctam
556 359 631 377 esse
657 348 699 377 ab
725 356 835 385 eoque
861 354 956 376 recto
984 355 1083 376 eursu
1108 345 1319 374 descendere
1342 344 1559 384 gloriaretur.
1615 345 1689 375 Hoc
1712 346 1856 385 colligas
1885 356 1928 376 ex
1965 346 2013 376 di-

237 404 356 433 stincta
382 412 497 432 rursus
521 402 611 440 apud
635 401 817 430 Pindarum
843 406 942 438 patra
958 400 1001 429 ab
1020 398 1145 428 familia
1165 397 1318 428 eiusdem
1341 398 1494 433 nominis,
1519 398 1614 429 Pind.
1637 399 1733 429 Nem.
1759 399 1850 434 VIII,
1874 400 1929 431 46:
1953 401 2014 431 σεῦ

235 458 266 487 δὲ
293 457 396 494 πάτρᾳ
431 456 601 493 Χαριάδαις
628 464 659 485 τε
695 455 812 491 λάβρον
836 454 847 491 ζ’
870 454 1033 490 ὑπερεῖσαι
1066 452 1154 482 λίθον
1187 451 1354 482 Μοισαῖον.
1410 451 1606 487 Muellerus,
1641 453 1730 493 Aeg.
1764 463 1795 493 p.
1823 455 1879 485 139
1912 453 2015 484 Eteo-

234 510 438 539 butadarum
463 517 584 537 nomen
613 513 706 537 recte
730 507 760 536 in
784 505 1077 545 comparationem
1110 505 1254 535 vocavit.
1306 505 1476 535 Pindarus
1506 505 1538 536 in
1569 507 1775 537 carminibus
1798 507 2015 547 Aegineticis

235 570 365 601 septem
391 562 527 591 omnim·
552 568 735 599 patrarum,
771 570 788 590 e
813 559 935 598 quibus
959 559 1108 589 victores
1139 558 1272 588 oriundi
1296 565 1404 593 erant,
1437 560 1575 589 nomina
1598 561 1754 591 tradidit:
1790 561 2012 592 Bassidarum

233 616 342 647 «Nem.
368 616 424 647 VI.
448 616 510 653 36).
536 614 799 653 Blepsiadarum
822 614 888 643 ⁴01.
913 612 1006 647 VIII,
1032 612 1093 651 75),
1130 610 1377 642 Chariadarum
1402 613 1512 651 (Nem.
1538 613 1630 647 VIII.
1656 615 1721 653 46),
1756 614 2013 646 Euxenidarum

232 669 339 699 (Nem.
368 668 442 700 VII.
470 668 529 704 70),
562 667 805 707 Midylidarum
839 666 954 706 (Pyth.
979 665 1072 703 VIII,
1096 666 1159 704 38),
1194 665 1480 705 Psalyehidarum
1504 666 1634 698 ‹Isthm.
1658 668 1699 707 V,
1725 669 1788 707 63),
1824 669 2013 699 Theandri-

232 723 349 752 darum
375 722 483 757 (Nem.
508 721 567 755 IV,
593 721 653 758 73).
710 720 889 750 Patrarum
913 719 1196 758 Aegineticarum
1221 719 1397 758 plurimae,
1433 726 1469 750 ut
1497 720 1641 756 videtur,
1677 722 1744 752 iam
1768 731 1813 752 ex
1836 722 2013 762 Epidauro

232 777 262 805 in
290 775 462 814 Aeginam
487 781 705 804 transvectae
729 779 840 810 erant;
865 783 904 803 ac
928 772 1076 802 fortasse
1101 771 1253 802 eiusdem
1278 772 1424 802 nominis
1446 780 1571 812 gentes
1591 775 1726 805 nobiles
1743 782 1777 805 et
1797 775 1960 815 Epidauri
1977 782 2012 807 et

232 829 391 868 Aeginae
415 829 608 868 complures
633 828 749 858 sedem
772 828 974 857 habuerunt.
1029 826 1138 857 Unius
1171 833 1265 857 certe
1287 827 1402 866 gentis
1425 826 1655 867 Aegineticae
1678 829 1827 869 vestigia
1849 829 2015 869 Epidauri

233 892 370 921 quoque
394 883 618 917 inveniuntur,
641 881 871 912 Bassidarum.
915 880 1097 919 Inscriptio
1122 881 1294 919 quaedam
1318 880 1533 920 Epidaurica,
1568 881 1600 911 in
1629 884 1792 913 honorem
1819 883 1919 914 Bassi
1943 884 2013 915 He-

235 936 384 966 raclidae
408 936 608 975 composita,
632 934 733 965 fidem
757 934 872 966 facere
895 935 1040 969 videtur,
1073 941 1106 965 et
1127 935 1216 965 hunc
1239 934 1384 965 Bassum
1408 945 1483 966 cum
1507 935 1767 967 Pindaricorum
1790 937 2015 968 Bassidarum

229 996 328 1028 patra
351 997 533 1029 cognatum
559 996 592 1019 et
616 989 884 1019 vetustissimum
908 989 1006 1019 huius
1030 989 1143 1028 gentis
1168 997 1377 1027 eponymum
1393 988 1553 1019 Herculis
1576 990 1708 1028 prolem
1730 989 1844 1021 fuisse.
1879 990 2014 1021 ‘situlus

228 1043 281 1073 hic
304 1050 364 1077 est,
393 1042 493 1082 Corp.
516 1043 622 1073 Inscr.
646 1042 703 1074 Gr.
728 1042 752 1077 I,
776 1053 828 1072 no.
856 1043 934 1074 1167
955 1052 986 1082 p.
1010 1043 1083 1073 585:
1108 1037 1255 1073 Ἀλκίδου
1279 1043 1411 1074 Βάσσον
1434 1046 1556 1082 γενεῆς,
1580 1044 1726 1082 ἐρικυδέα
1749 1046 1853 1085 φῶτα,
1876 1044 1888 1083 Η
1912 1046 2013 1084 βουλὴ

228 1095 278 1126 καὶ
301 1098 401 1133 δῆμος
425 1097 534 1127 ναέται
557 1097 672 1134 ζαθέης
696 1091 888 1134 Ἐπιδαύρου
912 1096 923 1135 Η
946 1091 1013 1127 ἀντ’
1037 1096 1232 1135 εὐεργεσίης,
1253 1097 1310 1135 τὴν
1333 1097 1468 1128 πολλάκι
1501 1099 1583 1129 δῶκε
1617 1099 1720 1137 πόληϊ.
1756 1098 1842 1129 conf.
1878 1099 2013 1130 Boeck·

228 1149 318 1178 hium
342 1149 430 1179 idem
455 1157 651 1180 censentem
676 1156 709 1180 et
733 1150 772 1180 O.
796 1150 999 1180 Muellerum
1023 1150 1148 1190 Aegin.
1171 1160 1203 1189 p.
1230 1151 1296 1182 138.

377 1203 551 1233 Nobilium
573 1204 736 1243 gentium,
776 1214 864 1242 quae
886 1204 1047 1243 Aeginae
1081 1204 1309 1243 principatum
1338 1205 1511 1241 tenebant,
1543 1206 1722 1246 imperium
1747 1207 1829 1237 satis
1853 1216 2012 1237 severum

230 1256 343 1291 fuisse,
369 1257 532 1288 credibile
557 1265 622 1291 est;
646 1258 718 1288 eius
740 1258 789 1288 rei
815 1263 1018 1298 argumenta
1040 1258 1072 1288 in
1094 1264 1190 1288 tanta
1205 1259 1397 1298 pleniorum
1413 1259 1687 1290 testimoniorum
1710 1261 1853 1300 penuria
1869 1270 1888 1290 e
1903 1260 2010 1291 tenui-

228 1312 291 1340 bus
316 1318 348 1341 et
372 1310 521 1341 fortuitis
544 1312 661 1342 rivolis
692 1321 755 1342 nos
778 1312 915 1343 haurire
949 1322 1050 1343 nemo
1075 1312 1158 1342 vitio
1181 1312 1282 1343 nobis
1305 1319 1426 1344 vertet.
1480 1313 1582 1344 Plato
1617 1314 1649 1344 in
1672 1314 1812 1354 Cratylo
1834 1314 2010 1354 proverbii

224 1364 330 1394 instar
351 1375 481 1396 morem
506 1365 760 1405 Aeginetarum
785 1372 953 1396 memorat
976 1365 1132 1396 homines
1155 1372 1259 1396 noctu
1282 1377 1345 1406 per
1374 1367 1496 1397 itinera
1520 1375 1690 1408 vagantes
1713 1369 1889 1403 multandi,
1920 1368 2010 1399 Plat.

226 1419 314 1450 Crat.
338 1430 370 1460 p.
394 1421 469 1452 433:
493 1421 605 1460 ἐῶμεν,
638 1420 690 1452 ἰ’να
713 1421 752 1458 μή
778 1420 941 1459 ὄφλωμεν,
973 1421 1084 1459 ὥσπερ
1118 1421 1148 1451 οἱ
1182 1421 1217 1452 ἐν
1239 1420 1345 1462 Αἰγίνῃ
1377 1421 1502 1460 νύκτωρ
1525 1423 1703 1460 περιιόντες
1738 1422 1800 1460 ὀψὲ
1835 1422 1925 1462 ὁδοῦ,
1959 1423 2010 1454 καὶ

224 1475 313 1512 ἡμεῖς
336 1475 385 1506 ἐπὶ
407 1475 446 1505 τὰ
470 1476 639 1512 πράγματα
663 1475 804 1513 δόξωμεν
823 1500 828 1505 .
847 1501 851 1505 .
871 1500 876 1505 .
901 1476 1089 1513 ἐληλυθέναι
1111 1475 1296 1514 ὀψιαίτερον
1319 1477 1376 1507 τοῦ
1400 1476 1542 1514 δέοντος.
1598 1476 1735 1507 Deinde
1757 1476 2011 1516 Aeginetarum

224 1538 360 1567 quoque
382 1528 480 1568 leges
504 1528 715 1567 aliquantum
738 1529 864 1568 rigoris
887 1528 1051 1559 habuisse
1076 1529 1154 1560 inde
1177 1535 1334 1569 apparet,
1358 1531 1451 1569 quod
1473 1530 1696 1570 Dracontem,
1724 1531 1840 1571 legum
1862 1531 2009 1561 latorem

222 1580 481 1616 Atheniensem,
506 1581 622 1621 legum
647 1582 833 1612 severitate
855 1582 1081 1619 nobilitatum,
1108 1593 1184 1613 cum
1207 1582 1298 1614 forte
1321 1583 1496 1624 Aeginam
1520 1584 1681 1619 venisset,
1709 1591 1806 1615 tanto
1829 1585 1953 1624 plausu
1975 1585 2009 1615 in

223 1636 395 1666 theatrum
411 1635 604 1675 ingressum
619 1635 816 1675 Aeginetae
833 1644 1051 1676 acceperunt,
1076 1644 1111 1667 ut
1133 1637 1213 1667 dum
1229 1639 1274 1667 ad
1290 1647 1367 1668 eum
1392 1639 1610 1668 salutandum
1627 1644 1660 1669 et
1675 1639 1915 1669 honorandum
1939 1648 2009 1670 cer-

222 1689 319 1720 tatim
345 1690 456 1729 pileos
480 1696 513 1719 et
537 1690 679 1720 amictus
701 1690 734 1720 in
751 1701 828 1721 eum
845 1691 1025 1726 coniciunt,
1048 1691 1221 1722 hominem
1237 1691 1440 1722 suffocando
1457 1692 1671 1723 interemisse
1688 1692 1858 1730 dicantur;
1883 1692 2010 1724 Suidas

222 1754 289 1775 sv.
303 1744 458 1782 Δράκων·
480 1743 576 1782 οὗτος
600 1744 644 1782 εἰς
668 1744 796 1781 Αἴγιναν
819 1745 870 1776 ἐπὶ
893 1745 1099 1783 νομοθεσίαις
1124 1745 1370 1784 εὐφημούμενος
1392 1746 1455 1777 ὑπὸ
1479 1748 1543 1777 τῶν
1559 1746 1732 1784 Αἰγινητῶν
1755 1746 1789 1777 ἐν
1812 1749 1856 1787 τῷ
1873 1746 2008 1788 θεάτρῳ,

221 1797 457 1836 ἐπιρριψάντων
480 1798 566 1838 αὐτῷ
591 1798 640 1828 ἐπὶ
663 1799 720 1835 τὴν
744 1799 889 1837 κεφαλὴν
913 1800 1077 1838 πετάσους
1099 1801 1250 1839 πλείονας
1275 1801 1325 1832 καὶ
1348 1803 1485 1839 χιτῶνας
1508 1802 1559 1832 καὶ
1577 1801 1691 1839 ἱμάτια,
1720 1801 1875 1839 ἀπεπνίγη
1898 1802 1949 1832 καὶ
1972 1801 2008 1833 ἐν

221 1851 307 1891 αὐτῷ
331 1851 434 1889 ἐτάφη
457 1853 502 1891 τῷ
527 1851 661 1892 θεάτρῳ,
687 1851 775 1882 conf.
800 1853 945 1883 eundem
970 1864 995 1884 s.
1020 1864 1050 1885 v.
1074 1855 1225 1893 πέτασος,
1250 1855 1374 1886 deinde
1397 1855 1436 1886 O.
1460 1855 1574 1886 Muell.
1598 1855 1689 1895 Aeg.
1714 1856 1780 1887 130.

220 2018 266 2047 14.
310 2016 527 2047 Acerrimum
548 2017 764 2056 plebeiorum
788 2027 872 2057 erga
894 2018 1066 2058 primores
1089 2020 1206 2050 odium
1227 2030 1271 2051 ne
1294 2021 1527 2060 proditionem
1553 2021 1690 2061 quidem
1713 2022 1848 2061 patriae
1876 2022 2007 2052 abomi-

344 2076 453 2101 natur.
499 2070 701 2102 Nicodromi
722 2072 847 2102 seditio
871 2078 906 2103 et
929 2073 1101 2112 piaculum
1123 2074 1314 2106 insanabile
1339 2075 1383 2105 ab
1407 2075 1631 2115 optimatibus
1655 2075 1881 2107 commissum.

372 2162 504 2194 Verum
529 2164 778 2204 progrediente
801 2170 960 2205 ternpore
983 2166 1162 2205 paullatim
1181 2172 1305 2206 quarta
1328 2167 1387 2198 illa
1409 2167 1483 2198 sive
1505 2167 1779 2208 Hyrnethiorum
1806 2168 1880 2199 sive
1903 2167 2006 2200 Coni-

216 2217 346 2256 podum
369 2217 487 2253 tribus,
522 2227 612 2257 quae
633 2218 729 2248 initio
762 2218 962 2258 impositum
994 2220 1059 2250 sibi
1095 2220 1213 2261 iugum
1235 2220 1345 2252 minus
1379 2230 1486 2261 aegre
1509 2222 1644 2257 tulerat,
1679 2222 1791 2262 magis
1823 2222 2005 2263 magisque

217 2278 403 2302 contumax
427 2278 460 2302 et
483 2271 528 2302 ad
552 2272 790 2302 rebellandum
815 2283 926 2313 prona
950 2273 1042 2305 facta
1065 2275 1210 2310 videtur,
1244 2274 1348 2305 immo
1370 2281 1467 2306 tanto
1491 2275 1668 2314 paullatim
1691 2275 1771 2307 odio
1795 2276 1936 2314 exarsit,
1968 2283 2008 2308 ut
