2140 3026
1067 155 1190 186 xxiv

246 259 403 291 suspecta
428 250 530 281 videri
556 251 667 282 debet,
693 249 833 288 primum
858 248 950 287 quod
975 255 1105 286 septem
1130 246 1376 284 tantummodo,
1400 255 1466 275 non
1491 252 1570 275 octo
1595 252 1712 284 partes
1730 245 1851 276 Pollux
1878 257 1915 276 se
1937 257 2015 287 pro-

245 308 386 336 laturum
411 304 598 342 pollicetur;
637 303 759 332 deind-2·
792 303 884 341 quod
919 301 1004 330 inter
1038 300 1175 329 archam
1208 305 1241 329 et
1274 300 1484 330 metarcham
1520 299 1691 338 eparchae
1726 300 1822 330 locus
1845 309 1921 331 esse
1945 311 2012 332 non

244 366 366 398 potest.
403 358 560 397 quoniam
586 357 616 386 id
645 356 848 385 vocabulum
873 355 1061 393 ingressum
1086 353 1256 392 quendam
1279 353 1311 383 in
1335 354 1482 391 archam,
1510 360 1643 392 partem
1667 354 1792 383 archae
1813 353 2015 393 praefixam,

244 423 308 442 non
333 412 456 441 archae
480 410 706 449 postpositam
731 407 923 448 significare
947 414 1051 447 patet,
1087 406 1254 445 siquidem
1277 407 1366 437 idem
1397 407 1664 447 praepositionis
1689 407 1738 438 ἐπί
1762 417 1882 437 sensus
1907 415 1958 438 est
1982 408 2013 439 in

242 464 439 503 compositis
464 463 636 495 similibus,
660 462 772 501 qualia
796 466 871 491 sunt
896 462 1058 498 ἐπίγαμος,
1082 460 1193 497 ἐπίτεξ,
1217 460 1366 499 ἔπακμος.

390 518 483 547 Haec
507 517 608 556 igitur
632 516 787 555 Eparcha
810 515 881 545 fieri
905 525 970 545 non
993 514 1100 553 potuit
1124 514 1204 552 quin
1227 515 1351 545 multos
1374 515 1437 545 sibi
1461 515 1575 555 magni
1598 515 1700 546 etiam
1725 515 1870 546 nominis
1887 517 2011 547 adver-

242 572 350 602 sarios
374 572 547 601 inveniret.
592 571 708 610 Atque
731 571 913 600 admodum
938 570 980 599 de
1005 578 1045 598 ea
1063 569 1284 598 inclementer
1306 568 1531 609 Bergkius,
1557 569 1643 600 Hist.
1667 569 1729 600 litt.
1753 568 1811 600 Gr.
1837 569 1878 604 Π,
1902 579 1934 608 p.
1951 571 2009 602 211

240 632 321 655 nota
343 627 380 656 235·
405 625 472 655 init.
497 624 666 658 iudicavit,
690 624 746 663 qui
769 633 836 653 non
860 623 957 653 nauci
981 632 1058 652 esse
1080 623 1145 651 hoe
1168 622 1374 652 vocabulum
1398 623 1593 654 arbitratur.
1640 622 1848 654 Clementius
1882 624 2014 663 paullu-

241 681 307 709 lum
332 679 488 709 iudicium
510 678 746 708 Boeckhius
771 677 845 707 tulit
868 688 908 707 eo
944 676 1057 706 eximii
1081 676 1195 714 operis
1219 676 1267 705 sui
1290 676 1378 716 loco,
1410 677 1467 707 ubi
1490 677 1637 708 Pollucis
1670 678 1754 707 illud
1777 677 2009 709 testimonium

239 732 477 773 gravissimum
501 731 569 770 (IV,
593 732 645 769 66)
669 731 825 761 subtilius
849 730 1029 763 enarravit,
1063 730 1105 759 de
1129 729 1249 759 Mettis
1273 729 1412 760 Pindari
1440 739 1520 770 pag.
1547 732 1604 762 182
1627 737 1694 762 not.
1725 733 1769 762 16.
1814 732 2011 763 Boeckhius

239 786 411 826 lsparslmc
434 796 555 816 nomen
579 795 640 824 pro
664 787 756 815 bono
781 790 814 814 et
839 785 948 814 electo
971 784 1053 813 artis
1076 784 1245 814 vocabulo
1267 784 1382 822 habet,
1405 785 1499 823 quod
1528 794 1572 814 ex
1593 790 1741 815 tractatu
1769 786 1874 826 longe
1890 787 1956 817 alio
1981 787 2013 817 in

239 840 384 870 Pollucis
407 841 517 870 locum
542 840 632 868 illum
656 839 818 868 intrusum
843 838 899 877 sit3
924 839 1107 877 eparcham
1131 838 1219 868 enim
1236 848 1303 868 non
1326 839 1417 869 nomi
1441 839 1590 878 aliquam
1608 845 1752 878 partem,
1776 841 1838 871 sed
1856 841 2011 871 ordinum

238 894 478 933 rythmicorum
503 893 759 932 praeludentem
780 892 982 931 particulam
1018 893 1163 922 duorum
1197 893 1341 923 triumve
1377 893 1504 932 pedum
1537 891 1740 932 significare.
1798 892 1896 923 Alz'ltz'
1924 903 2012 929 vcra,

237 948 353 987 inquit,
377 947 499 985 ἔπαρχα
522 945 656 975 vidclur
672 944 829 986 gmmz'tla
852 944 957 980 lectio,
982 948 1020 975 ut
1041 947 1191 984 μέταρχα,
1214 948 1311 986 atquc
1335 947 1485 984 ἐπαρχεῑα
1509 955 1552 976 ex
1575 945 1674 976 varia
1697 946 1836 976 lectione
1851 947 2012 978 additum.

239 1002 387 1031 (karum
412 1011 469 1029 nos
493 1000 641 1038 ἐπάρχων
664 998 926 1040 appcllalimzem‚
960 1010 1025 1040 qua
1059 999 1218 1040 plurium
1249 1009 1408 1030 versuum
1443 1010 1616 1041 compages
1650 999 1850 1030 nominatur
1883 1000 1922 1031 z'n
1954 1001 2013 1031 lzoc

236 1065 339 1087 nomo.
363 1053 582 1083 lraduxz'mus
604 1054 649 1083 ad
669 1063 784 1083 vcrsns
807 1052 915 1093 ipsius
939 1052 1091 1085 initium.
1147 1053 1267 1094 Atque
1289 1055 1354 1085 hoc
1377 1064 1479 1085 sensu
1502 1054 1700 1085 Boeekhius
1724 1055 1756 1084 in
1778 1054 1920 1086 Pindari
1943 1065 2013 1086 me-

235 1115 364 1138 trorum
385 1108 597 1138 enarratione
631 1119 670 1138 eo
704 1109 872 1138 vocabulo
906 1108 1051 1139 libenter
1083 1115 1117 1139 et
1149 1109 1275 1148 ubique
1309 1109 1427 1147 utitur;
1462 1108 1502 1139 cf.
1533 1119 1565 1148 p.
1592 1109 1649 1140 184
1673 1109 1762 1139 med.
1785 1119 1817 1149 p.
1844 1110 1900 1140 187
1925 1115 2011 1141 extr.

235 1172 266 1201 p.
294 1162 350 1192 193
374 1162 461 1192 med.
486 1162 566 1199 alia;
602 1162 723 1201 quibus
752 1163 837 1192 locis
861 1163 1017 1192 omnibus
1044 1167 1082 1192 ut
1104 1163 1215 1193 neutri
1237 1163 1375 1202 generis
1398 1163 1530 1202 plurale
1554 1163 1678 1201 ἕπαρχα
1700 1173 1822 1194 vocem
1845 1173 2012 1203 usurpare

235 1216 331 1247 solet.
376 1216 446 1247 Sed
469 1217 553 1246 haec
577 1217 698 1251 omnia,
733 1217 826 1256 quod
859 1222 1032 1246 tantorum
1055 1217 1205 1247 virorum
1236 1218 1327 1247 bona
1352 1217 1450 1247 venia
1473 1217 1627 1252 dixerim,
1661 1227 1781 1256 parum
1815 1218 2009 1257 probabilia

234 1276 320 1300 sunt.
358 1270 396 1301 Id
420 1280 519 1299 unum
539 1270 680 1310 egregie
697 1270 780 1300 vidit
798 1270 1005 1307 Boeckhius‚
1027 1271 1232 1301 vocabulum
1255 1271 1366 1310 ipsum
1389 1271 1511 1309 ἑπαρχά
1528 1271 1610 1310 (non
1638 1271 1776 1309 ἕπαρχα)
1798 1281 1865 1301 non
1880 1277 2010 1302 temere

232 1322 348 1353 fictum
372 1334 392 1352 a
413 1324 558 1354 librariis
582 1334 667 1359 esse,
705 1325 766 1355 sed
802 1325 951 1354 eximum
975 1325 1058 1355 artis
1080 1326 1287 1356 vocabulum
1311 1326 1343 1355 in
1364 1325 1514 1355 Pollucis
1538 1325 1630 1355 illum
1651 1324 1798 1355 indicem
1820 1326 1926 1356 invita
1947 1325 2011 1356 Mi-

236 1387 342 1407 nerva
364 1378 575 1408 translatum.

259 1543 307 1572 25
349 1541 647 1582 Metacatatropae
667 1544 699 1573 in
724 1545 835 1575 locum
857 1550 937 1584 post
960 1544 1168 1585 Omphalum
1192 1546 1439 1581 traiectionem‚
1464 1556 1535 1576 rem
1560 1545 1671 1585 prima
1693 1544 1808 1585 specie
1830 1554 1983 1584 parvam,

367 1606 403 1626 re
428 1606 509 1627 vera
529 1598 651 1628 summi
674 1599 717 1628 ad
739 1599 929 1629 Nomorum
953 1605 1159 1630 structuram
1176 1599 1421 1630 immutandam
1444 1599 1607 1630 momenti
1630 1599 1744 1630 fuisse.
1789 1599 1874 1629 Inde

427 1651 619 1691 Eparcham
642 1662 786 1692 quoque,
813 1653 952 1684 Archae
974 1655 1148 1693 quondam
1173 1654 1374 1688 subiectam,
1400 1653 1450 1684 sui
1474 1653 1553 1684 iuris
1576 1653 1703 1684 factam
1726 1662 1812 1683 esse.

378 1742 449 1773 Iam
476 1744 648 1783 quaeritur
671 1745 751 1784 quid
773 1745 851 1776 huic
874 1746 1052 1783 vocabulo,
1090 1745 1188 1785 quasi
1210 1745 1412 1784 transfugae
1437 1755 1481 1775 ex
1502 1745 1622 1776 alienis
1645 1744 1776 1779 castris,
1814 1743 2008 1774 faciendum

232 1796 283 1826 sit.
330 1796 418 1836 Quid
443 1804 494 1828 est
516 1805 636 1828 natura
660 1809 722 1829 sua
743 1800 923 1839 Eparcha‘?
947 1801 1037 1830 unde
1060 1799 1218 1839 profecta
1241 1799 1274 1829 in
1297 1799 1447 1830 Pollucis
1471 1799 1616 1829 indicem
1643 1798 1819 1838 pervenit?
1854 1797 1948 1837 Mihi,
1971 1804 2008 1828 ut

230 1850 336 1881 libere
360 1851 532 1887 confitear,
555 1854 620 1883 hae
644 1854 732 1884 duae
755 1855 985 1893 quaestiones,
1008 1855 1118 1894 primo
1142 1855 1309 1893 adspectu
1332 1853 1570 1889 intricatiores‚
1594 1863 1631 1883 re
1647 1862 1731 1882 vera
1756 1858 1826 1883 tam
1851 1851 2007 1883 difficiles

230 1905 274 1934 ad
298 1906 549 1945 expediendum
574 1917 640 1937 non
664 1908 831 1938 videntur.
876 1909 1029 1939 Primum
1052 1909 1247 1948 Eparcham
1269 1909 1380 1948 ipsum
1402 1918 1526 1938 nomen
1549 1907 1677 1938 indicat
1699 1907 1781 1936 nihil
1805 1906 1898 1937 aliud
1922 1916 2008 1945 esse,

230 1969 332 1998 quam
356 1960 398 1995 id,
422 1962 514 2000 quod
549 1963 802 2000 “prooemium'’
836 1968 960 2002 postea
992 1970 1153 1994 vocatum
1186 1968 1247 1994 est.
1302 1963 1490 1992 Nomorum
1519 1961 1733 2001 prooemium
1767 1960 2008 1991 vetustissimis

229 2014 441 2053 temporibus
464 2016 587 2054 ἑπαρχὰ
610 2017 820 2056 appellatum
845 2023 906 2054 est,
941 2028 983 2048 ea
1005 2017 1077 2048 sine
1101 2017 1204 2047 dubio
1228 2017 1271 2046 de
1290 2026 1421 2054 caussa,
1452 2016 1555 2055 quod,
1590 2015 1881 2055 quemadmodum
1904 2024 2008 2054 supra

229 2067 302 2105 §23
324 2074 409 2099 extr.
434 2069 574 2108 copiose
598 2071 867 2101 demonstratum
891 2076 952 2109 est,
976 2071 1008 2101 in
1032 2071 1270 2111 antiquissima
1290 2071 1382 2100 nomi
1404 2069 1515 2100 forma
1534 2069 1749 2109 prooemium
1773 2079 1834 2099 seu
1856 2069 2007 2108 eparcha

229 2132 292 2161 pro
318 2128 477 2162 separata
500 2129 599 2163 parte
632 2134 699 2154 non
722 2126 975 2156 numerabatur.
1030 2125 1248 2156 Prooemium
1272 2125 1398 2155 archae
1420 2123 1636 2163 praeludium
1659 2129 1741 2158 erat,
1776 2133 1858 2163 pars
1881 2123 2007 2154 archae

228 2177 439 2215 praenuntia,
472 2188 579 2217 quare
601 2178 666 2209 illis
689 2179 901 2219 temporibus
934 2179 1027 2210 nullo
1049 2180 1185 2210 nomine
1206 2178 1378 2219 peculiari,
1401 2178 1463 2209 sed
1484 2178 1653 2208 vocabulo
1677 2178 1722 2207 ad
1744 2178 1883 2208 archam
1907 2187 2004 2217 spec-

229 2236 336 2261 tante:
370 2232 491 2270 ἐπαρχά
512 2238 742 2272 nuncupatum
777 2239 837 2264 est.
884 2232 981 2273 Quae
1005 2244 1081 2264 cum
1104 2234 1152 2264 ita
1175 2233 1250 2269 sint,
1284 2234 1317 2263 in
1340 2232 1491 2263 Pollucis
1513 2232 1571 2262 illo
1595 2231 1745 2271 partium
1769 2231 1861 2262 nomi
1884 2231 2004 2267 indice,

229 2285 286 2324 qui
303 2291 434 2325 septem
452 2291 570 2325 partes
586 2292 765 2326 separatas
781 2293 813 2317 et
831 2287 1002 2318 seiunctas
1025 2287 1136 2323 affert,
1158 2288 1202 2317 ab
1225 2287 1319 2317 initio
1343 2287 1493 2326 eparcha
1509 2287 1623 2316 locum
1639 2287 1768 2317 habere
1792 2296 1861 2316 non
1883 2285 2005 2325 potuit.
