2140 3026
1008 148 1099 178 XIX

165 239 258 271 ἑπτά·
283 239 373 278 ἀρχά,
398 239 545 278 μεταρχά,
569 239 762 277 κατατροπά,
787 239 1061 277 μετακατατροπά,
1084 238 1243 276 ὀμφαλός,
1267 239 1417 277 σφραγίς,
1442 239 1600 277 ἐπίλογος.
1646 240 1763 280 Atque
1793 242 1882 273 hunc
1915 243 1947 273 in

165 294 302 325 modurn
326 294 359 323 in
382 294 492 323 nornis
517 293 583 323 stili
606 293 813 329 vetustioris,
837 292 947 332 qualis
971 292 1165 332 Terpandri
1189 297 1304 322 aetate
1328 293 1360 322 in
1383 302 1444 323 usu
1467 291 1539 332 fuit,
1564 299 1681 332 partes
1705 295 1889 334 dispositas
1914 304 1947 327 et

166 348 343 379 ordinatas
365 347 479 388 fuisse,
502 358 569 378 non
593 353 644 377 est
667 357 726 377 cur
749 347 953 377 dubitemus.
1008 346 1188 377 Metarcha
1211 345 1299 377 enim
1322 352 1401 386 post
1423 346 1577 377 Archam
1599 348 1768 378 collocata
1790 359 1947 381 necessa—

166 402 216 433 rio
232 403 344 442 poscit
361 402 670 440 Metacatatropam
693 408 768 440 post
782 399 1004 440 Catatropam
1026 400 1183 440 positam.
1219 401 1255 431 In
1277 401 1341 431 hoc
1359 400 1464 439 igitur
1487 401 1600 440 prisco
1623 412 1798 433 nomorum
1819 414 1947 443 genere

166 457 260 496 prior
283 457 468 486 carminum
487 465 569 495 pars
595 460 674 485 ante
707 455 904 494 omphalum
936 455 1041 493 longe
1075 454 1226 484 ornatior
1260 461 1294 485 et
1317 455 1523 494 locupletior
1547 462 1607 491 est,
1641 466 1743 495 quam
1778 459 1948 496 posterior

165 511 349 541 carminum
372 520 465 550 pars;
490 519 557 549 qua
580 512 621 539 de
645 519 682 539 re
706 509 834 549 optime
858 508 1020 547 exposuit
1042 507 1216 547 Bergkius
1240 509 1257 539 l.
1284 519 1307 539 s.

202 676 246 708 18.
291 675 329 706 In
353 685 485 705 summa
507 675 768 706 Pindaricorum
793 673 979 705 carminum
1002 683 1078 704 cum
1102 674 1295 713 Terpandri
1318 675 1437 705 Nomis
1460 675 1678 706 similitudine
1702 687 1803 707 unum
1829 688 1905 707 esse

296 729 477 760 discrimen
500 730 769 769 gravissumum:
795 729 1106 767 Metacatatropam
1131 738 1175 758 ex
1199 729 1276 759 loco
1301 735 1381 759 ante
1405 728 1612 768 Omphalum
1636 730 1667 760 in
1692 732 1809 761 sedem

791 789 870 822 post
896 782 1103 822 Omphalum
1127 782 1316 813 traiectam.

308 877 382 907 Iam
405 887 488 907 vero
513 876 652 916 cognitu
675 877 741 906 hoc
764 875 1002 915 ‚dignissimum
1027 880 1060 903 et
1083 875 1126 904 ad
1142 874 1269 904 veteris
1292 875 1407 914 poesis
1430 875 1560 915 lyricae
1585 875 1763 907 historiam
1789 885 1822 908 et
1839 878 1944 910 incre-

163 937 279 962 menta
300 932 538 971 pernoscenda
560 930 801 970 gravissimum
836 935 901 959 est:
947 928 1162 959 Structuram
1197 939 1374 959 nomorum
1410 930 1441 959 in
1466 929 1605 960 Pindari
1639 932 1845 962 carminibus
1869 943 1944 963 eam

163 995 249 1021 esse,
273 990 309 1015 ut
332 984 610 1023 Metacatatropa
632 994 652 1014 a
677 983 904 1022 Catatatropa
927 983 1038 1013 soluta
1063 988 1095 1012 et
1122 993 1166 1012 ex
1190 984 1272 1013 sede
1297 993 1358 1013 sua
1381 983 1538 1022 proxima
1571 990 1650 1015 ante
1674 985 1882 1025 Omphalum
1912 988 1943 1017 in

164 1039 281 1070 sedem
304 1039 497 1078 proximam
521 1043 599 1077 post
623 1036 829 1077 Omphalum
854 1038 997 1067 traiecta
1021 1037 1072 1067 sit.
1114 1037 1191 1067 Hoc
1218 1037 1309 1076 apud
1332 1037 1517 1067 Pindarum
1541 1038 1588 1068 ita
1612 1049 1649 1069 se
1672 1039 1809 1075 habere,
1833 1041 1943 1080 ipsum

163 1103 299 1132 quoque
322 1092 546 1123 certissimum
570 1097 631 1122 est.
678 1091 900 1131 Catatropam
926 1092 1014 1122 enim
1037 1092 1069 1121 in
1094 1091 1231 1121 Pindari
1256 1091 1462 1121 carminibus
1484 1099 1580 1122 recto
1605 1103 1704 1123 cursu
1728 1095 1773 1124 ad
1796 1094 1944 1135 Ompha-

162 1147 241 1180 lum,
264 1146 356 1176 nullo
371 1147 526 1176 membro
539 1146 753 1186 interposit0‚
777 1147 968 1181 traducere,
993 1146 1069 1185 quis
1086 1151 1137 1175 est
1153 1146 1209 1185 qui
1224 1156 1354 1185 negare
1369 1146 1476 1176 ausit?
1500 1146 1764 1186 Catatroparum
1786 1149 1942 1188 profecto

160 1199 329 1231 formulae
343 1205 487 1240 propter
502 1199 677 1230 mirificam
693 1200 784 1230 illam
801 1200 1054 1239 simplicitatem
1071 1206 1104 1229 et
1122 1200 1300 1230 sollemnia
1317 1201 1487 1240 quaedam
1503 1200 1656 1241 artificia,
1681 1213 1724 1232 ex
1740 1203 1852 1242 prisca
1868 1211 1942 1235 arte

160 1254 308 1286 fideliter
331 1261 365 1286 et
381 1255 542 1295 religiose
573 1260 720 1290 servata,
755 1254 938 1285 facillimae
962 1261 1039 1284 sunt
1063 1260 1096 1285 et
1119 1254 1164 1284 ad
1186 1254 1425 1284 inveniendum
1451 1260 1485 1285 et
1508 1256 1552 1284 ad
1576 1255 1813 1287 definiendum.
1858 1257 1943 1298 Quis

159 1315 376 1341 recurrentes
399 1315 432 1340 et
455 1315 525 1340 tam
549 1309 693 1339 dilectas
716 1309 866 1339 Pindaro
892 1310 1026 1340 dicendi
1050 1308 1187 1344 formas,
1212 1309 1323 1348 qualis
1346 1308 1431 1338 haec
1457 1314 1521 1339 est:
1556 1309 1652 1340 Nem.
1677 1310 1723 1345 X,
1745 1312 1798 1342 20:
1843 1314 1942 1351 βραχύ

160 1375 212 1404 μοι
228 1365 333 1403 στόμα
354 1364 444 1396 πάντ’
469 1364 678 1403 ἀναγήσασθ’,
702 1364 790 1395 ὅσων
810 1364 954 1402 Ἀργεῖον
971 1364 1034 1402 ἔχει
1050 1364 1182 1402 τέμενος
1198 1362 1209 1403 ΙΙ
1225 1365 1338 1402 μοῖραν
1361 1364 1465 1394 ἐσλῶν
1490 1369 1524 1394 et
1546 1370 1598 1394 tot
1623 1365 1749 1396 similes
1775 1372 1832 1396 aut
1849 1368 1942 1397 casui

160 1424 219 1449 aut
240 1418 484 1458 neglegentiae
507 1418 644 1453 tribuat,
668 1428 757 1457 quae
780 1419 903 1448 eodem
920 1428 1057 1457 semper
1073 1418 1259 1448 carminum
1274 1418 1350 1448 loco
1375 1423 1454 1448 ante
1470 1417 1676 1458 Omphalum
1692 1420 1828 1460 positae
1851 1422 1942 1452 haud

160 1472 262 1502 dubie
277 1472 361 1502 artis
376 1473 490 1512 legem
506 1473 678 1512 quandam
695 1472 842 1503 dilucide
857 1473 1023 1512 produnt?
1048 1471 1102 1502 Ac
1118 1472 1219 1511 plane
1242 1471 1397 1502 similiter
1413 1472 1535 1502 eadem
1554 1474 1744 1504 constantia
1763 1480 1843 1514 post
1860 1475 1941 1507 Om-

158 1525 297 1565 phalum
318 1525 450 1556 finitum
472 1526 827 1566 Metacatatroparum
853 1527 1037 1557 sollemnes
1061 1532 1093 1557 et
1117 1527 1299 1556 adamatae
1316 1525 1484 1556 formulae
1508 1533 1717 1566 repetuntur,
1742 1539 1818 1559 cum
1834 1535 1940 1570 poeta

156 1579 335 1610 notissima
355 1579 413 1610 illa
428 1579 649 1610 formularum
673 1580 886 1620 supellectile
911 1579 1097 1620 significat:
1123 1581 1190 1610 iam
1214 1581 1257 1610 ad
1285 1580 1377 1610 aliud
1398 1587 1639 1620 argumentum
1662 1589 1783 1613 cantus
1807 1594 1941 1614 cursum

156 1632 488 1664 circumflectendum
507 1644 599 1669 esse;
616 1634 709 1664 velut
721 1633 817 1664 Nem.
830 1634 889 1670 IV,
908 1635 962 1665 69:
987 1635 1144 1672 Γαδείρων
1160 1635 1196 1665 τὸ
1212 1635 1293 1672 πρὸς
1312 1634 1417 1673 ζόφον
1434 1635 1472 1666 οὐ
1487 1636 1636 1674 περατόν.
1654 1636 1814 1675 ἀπότρεπε
1829 1638 1840 1677 ΙΙ
1853 1638 1942 1677 αὖτις

158 1688 315 1726 Εὐρώπαν
337 1688 410 1719 ποτὶ
432 1688 550 1726 χέρσον
575 1688 666 1719 ἔντεα
691 1688 780 1726 ναός.
812 1688 954 1719 Habent
977 1690 1062 1719 haec
1080 1689 1293 1728 antiquitatis
1317 1695 1350 1719 et
1367 1689 1594 1728 simplicitatis
1611 1697 1785 1722 austerum
1803 1693 1940 1732 quidem

159 1743 340 1782 quendam,
365 1743 426 1773 sed
447 1742 679 1782 gratissimum
704 1753 878 1782 saporem3
903 1749 981 1773 sunt
1003 1743 1088 1773 haec
1111 1743 1262 1782 vestigia
1285 1743 1376 1777 artis,
1401 1753 1490 1783 quae
1513 1745 1664 1775 nondum
1693 1755 1835 1785 prorsus
1858 1757 1940 1786 pue-

157 1796 256 1827 ritiae
279 1806 361 1826 suae
383 1795 509 1827 fascias
533 1803 566 1827 et
590 1797 870 1827 incunabulorum
891 1797 1090 1828 memoriam
1115 1797 1284 1836 deposuit.

182 1974 230 2005 20.
274 1973 545 2014 Respondentes
569 1973 632 2004 sibi
658 1973 883 2014 Catatropam
911 1980 945 2005 et
968 1975 1282 2014 Metacatatropam
1308 1986 1412 2016 saepe
1435 1977 1614 2007 vocabulis
1637 1977 1714 2017 ipso
1742 1988 1826 2009 sono
1853 1979 1917 2009 sibi

744 2029 1036 2069 respondentibus
1062 2029 1242 2070 insignitas
1266 2041 1351 2062 esse.

303 2120 362 2151 Ad
383 2122 471 2152 hanc
495 2122 774 2153 observationem
797 2122 1028 2161 pulcherrime
1046 2122 1278 2152 acutissimum
1292 2123 1477 2163 Mezgeri
1499 2124 1674 2154 inventum
1691 2125 1836 2156 accedit:
1861 2135 1937 2156 eam

155 2172 261 2205 fuisse
287 2175 446 2215 antiquae
469 2176 557 2206 artis,
575 2176 607 2206 in
631 2176 830 2216 symmetria
855 2177 1018 2207 struenda
1042 2177 1274 2213 subtilitatem,
1304 2183 1341 2208 ut
1364 2178 1396 2208 in
1417 2179 1707 2218 respondentibus
1731 2179 1795 2209 sibi
1819 2180 1935 2210 carmi·

154 2237 234 2258 num
256 2229 410 2268 partibus
432 2230 603 2260 vocabula
625 2230 728 2260 etiam
758 2230 833 2270 ipso
869 2240 954 2260 sono
987 2231 1050 2261 sibi
1074 2232 1329 2271 respondentia,
1368 2233 1440 2262 sive
1474 2233 1661 2272 compluria
1697 2234 1768 2264 sive
1803 2234 1937 2274 singula

154 2282 412 2318 collocarentur,
447 2288 483 2314 ut
516 2294 585 2314 non
619 2285 732 2314 animo
766 2290 898 2315 tantum
925 2291 958 2316 et
982 2285 1106 2316 mentis
1129 2285 1211 2321 acie,
1244 2287 1305 2316 sed
1340 2287 1478 2317 auribus
1504 2288 1607 2318 etiam
1630 2288 1777 2327 partium
1801 2288 1935 2319 illarum
